3332 5241
718 450 840 516 116
1411 469 1591 517 Bncx
1630 471 1716 516 ET
1757 470 2289 520 szxszxaowma

1129 669 1165 727 l.
1233 687 1280 727 c.
1345 687 1480 744 pag.
1546 670 1668 728 396
1737 669 1888 728 forte
1952 668 2256 730 declarare
2319 671 2483 747 vult,
2544 671 2648 730 sed
2716 677 2876 732 certo
2946 679 3009 732 et

1133 777 1338 849 aperte
1404 773 1478 832 ad
1527 774 1751 833 Rosam
1802 775 2169 849 plutinosam
2231 775 2419 835 Sibth.
2479 782 2538 837 et
2593 777 2710 837 Sm.
2757 783 3006 855 spectat.

1132 881 1321 941 Simili
1377 880 1550 939 modo
1625 880 1802 939 etiam
1876 882 2241 957 exemplaria
2318 883 2393 947 ab
2463 884 2669 942 excell.
2747 884 3009 945 ToDARo

1128 1005 1160 1046 e
1206 987 1382 1045 Pizzo
1445 985 1538 1044 del
1588 985 1900 1062 Antenna,
1966 985 2321 1059 Quaecedan
2387 988 2446 1047 in
2507 989 2807 1049 Nebrodis
2852 991 3008 1050 lecta

1129 1110 1501 1168 nequaquam
1553 1091 1627 1150 ad
1696 1087 1924 1152 Rosam
1977 1088 2408 1156 Heckelianam
2449 1095 2638 1154 Trati.
2687 1095 3002 1171 pertinent.

1129 1201 1323 1259 Rosae
1367 1198 1765 1256 Heckelianae
1810 1199 2004 1257 Tratt.
2038 1199 2216 1259 nimis
2265 1217 2509 1273 gravem
2551 1199 2799 1260 formam
2835 1198 3007 1262 folio·

1128 1306 1313 1363 lorum
1379 1305 1645 1378 parciore
1708 1305 2128 1381 pubescentia,
2190 1305 2544 1379 pedunculis
2602 1306 2848 1384 glabris,
2901 1326 3005 1383 pa-

1131 1429 1256 1470 rum
1340 1409 1618 1485 pauciore
1702 1409 2069 1468 aculeatione
2146 1430 2183 1469 a
2263 1411 2578 1471 Hnoxnnn
2647 1413 3007 1488 specimibus

1127 1516 1346 1592 typicis
1410 1515 1826 1576 abhorrentem
1894 1523 1953 1576 et
2009 1535 2088 1576 ex
2150 1520 2318 1592 parte
2379 1518 2745 1594 exemplaria
2798 1537 2835 1577 a
2879 1538 3004 1579 rev.

1132 1624 1410 1684 S‘rnonm.
1456 1625 1515 1684 in
1565 1625 1809 1683 summis
1841 1625 2197 1684 culminibus
2243 1622 2651 1684 Madoniarum
2700 1625 2899 1684 Monte
2937 1625 2997 1686 S.

1134 1729 1460 1790 Salvadore
1493 1749 1647 1789 anno
1691 1732 1849 1790 1873
1884 1731 2097 1790 lectam
2146 1733 2522 1789 revocantem
2556 1730 2861 1789 observari
2910 1749 3001 1789 re·

1127 1836 1467 1896 centissimo
1514 1841 1782 1912 tempore
1828 1840 1888 1895 in
1922 1835 2265 1910 Cernagora
2290 1834 2594 1894 inventam
2627 1835 2793 1895 locus
2838 1834 3003 1896 hisce

1125 1941 1516 2018 probabiliter
1583 1942 1836 2000 maxime
1895 1959 2104 2001 versus
2167 1940 2630 2016 septentrionem
2694 1941 3001 2015 expositus

1125 2046 1280 2106 inter
1324 2047 1482 2122 illos,
1532 2047 1590 2105 in
1639 2047 1851 2122 quibus
1899 2046 2060 2106 Rosa
2092 2064 2124 2104 e
2154 2063 2340 2120 grege
2372 2037 2576 2104 Rosae
2621 2039 3003 2108 Heckeliana

1124 2153 1315 2211 Tratt.
1367 2152 1683 2212 observata
1744 2158 1849 2212 est.
1916 2151 2087 2211 Hanc
2131 2149 2381 2210 formam
2426 2143 2632 2209 Rosac
2681 2147 3000 2212 Heckelia-

1125 2275 1239 2316 nae
1299 2258 1506 2332 Tratt,
1583 2257 1961 2317 denominavi
2024 2256 2099 2315 ad
2161 2255 2443 2315 honorem
2515 2255 2700 2314 celeb.
2774 2255 2996 2315 domini

1123 2363 1380 2422 lemno
1444 2361 1910 2423 Szxszmowmz
1972 2362 2072 2436 qui
2128 2361 2392 2436 plantam
2459 2359 2780 2420 notabilem
2843 2378 2997 2421 anno

1131 2468 1296 2526 1886
1343 2466 1404 2526 in
1452 2466 1797 2541 Cernagora
1844 2467 2086 2527 detexit.
2144 2465 2329 2525 Multo
2382 2464 2753 2539 frequentior
2801 2471 2997 2525 autem

1124 2570 1314 2631 forma
1369 2571 1658 2647 quaedam
1707 2589 1838 2633 esse
1884 2571 2137 2645 videtur,
2203 2587 2356 2646 quae
2410 2563 2640 2631 Rosam
2687 2570 2996 2631 Beckelia·

1125 2694 1268 2737 nam
1311 2678 1501 2737 Tratt.
1566 2695 1696 2736 cum
1744 2678 1921 2737 Rosis
1969 2696 2000 2736 e
2052 2678 2509 2737 Sabinacearum
2558 2694 2741 2751 grege
2773 2675 2994 2755 jungit,

1121 2782 1285 2841 Rosa
1317 2778 1692 2845 Heokeliana
1728 2784 1922 2843 Tratt.
1967 2801 2093 2841 var.
2139 2778 2637 2855 Monteneyrinae
2667 2781 2741 2839 H.
2775 2780 2992 2840 Braun.

1123 2886 1340 2946 Forma
1385 2888 1551 2963 haec,
1601 2906 1753 2968 quae
1800 2888 1861 2947 in
1908 2887 2240 2947 numerosis
2286 2886 2641 2961 specimibus
2688 2904 2720 2945 e
2767 2884 2990 2946 ditione

1122 3010 1319 3051 coram
1367 3011 1460 3051 me
1516 2998 1642 3069 est,
1706 2992 1900 3052 differt
1961 3012 1996 3051 a
2058 2992 2247 3051 forma
2309 2980 2702 3066 praecedente
2764 2994 2992 3050 statura

1123 3096 1402 3172 elatiore,
1453 3101 1546 3156 sat
1609 3098 1867 3173 laxiore,
1916 3097 2229 3156 diffusione
2291 3113 2585 3155 ramorum
2634 3098 2693 3155 et
2738 3096 2987 3154 ramulo·

1123 3219 1269 3279 rum,
1302 3200 1526 3262 foliolis
1565 3202 1756 3277 magis
1807 3200 2395 3277 oblongo-ellipticiS,
2429 3198 2779 3276 pedunculis
2825 3218 2988 3276 pror—

1123 3322 1222 3363 sus
1292 3307 1507 3365 setosis
1576 3310 1635 3365 et
1702 3305 2095 3381 receptaculis
2163 3283 2257 3365 vel
2328 3304 2719 3378 receptaculis
2787 3303 2989 3363 fructi—

1120 3409 1264 3469 feris
1325 3411 1592 3470 laevibus
1649 3411 1745 3469 vel
1802 3409 2204 3471 sublaevibuS.
2295 3408 2585 3488 Similem,
2644 3407 2990 3468 Sabinaceis

1122 3512 1314 3573 adhuc
1377 3516 1568 3589 magis
1639 3516 1966 3590 proximam
2028 3514 2274 3574 formam
2336 3512 2727 3590 receptaculis
2789 3512 2991 3573 fructi·

1124 3616 1268 3678 feris
1325 3620 1562 3678 omnino
1625 3614 1881 3697 setosis,
1947 3618 2315 3694 ellipsoideis
2375 3620 2470 3678 vel
2526 3618 2826 3690 ovoideis,
2889 3637 2989 3694 pe-

1120 3722 1392 3783 dunculis
1440 3724 1622 3783 dense
1684 3724 1896 3785 setosis
1942 3724 2178 3799 paulum
2228 3716 2631 3797 longioribus,
2695 3740 2989 3783 ramorum

1121 3828 1595 3903 ramulorumque
1665 3828 1934 3904 disperse
1999 3826 2374 3887 aculeatione
2444 3844 2565 3886 rev.
2635 3826 2850 3887 Hu‘rnn
2912 3828 2990 3887 ad

1124 3930 1379 3991 Crkvica
1425 3950 1613 4009 prope
1661 3931 1903 3993 Gattaro
1953 3933 2009 3991 iu
2042 3932 2344 3991 Dalmatia
2381 3931 2625 3992 invenit.
2674 3931 2785 3991 Hic
2832 3933 2989 3992 colo-

1122 4040 1360 4097 caturus
1408 4055 1533 4097 sum
1583 4038 1900 4097 formarum
1949 4037 2330 4114 praecipuam
2380 4038 2533 4096 hanc
2580 4037 2810 4097 seriem.

915 4173 968 4214 a.
1060 4154 1294 4252 Foliola
1337 4158 2051 4235 glanduloso-composite
2099 4162 2348 4218 serrata.

701 4303 868 4376 Rosa.
926 4304 1325 4378 Heokeliana
1386 4307 1805 4381 Trattinnick
1865 4317 1922 4374 in
1964 4308 2363 4375 Rosacearum
2425 4315 2856 4392 monographia
2912 4316 2989 4375 ΙΙ.

1123 4432 1256 4493 pag.
1306 4418 1386 4476 85
1437 4415 1681 4494 (1823).
1775 4419 2160 4495 Exemplaria
2221 4420 2546 4496 originaria
2593 4422 2701 4481 sub
2752 4420 2989 4481 nomine
