3332 5241
648 434 772 499 100
1298 450 1477 496 Bncss
1523 451 1607 496 ET
1654 449 2183 496 szrszYLowlcz.

1057 629 1175 708 dia,
1224 630 1430 689 subtus
1477 628 1809 704 pallidiora.
1874 628 2084 688 Petioli
2132 627 2434 704 glandulis
2480 625 2931 685 rubescentibus

1056 735 1276 794 obtecti
1321 739 1379 793 et
1425 734 1710 793 aculeolis
1754 733 2211 794 flavescentibus
2252 734 2465 793 armati
2510 733 2604 791 vel
2652 731 2926 789 inermes.
2966 777 2973 782 .

1057 840 1346 899 Bracteae
1395 839 1701 914 dilatatae,
1749 839 2151 898 rubescentes.
2232 838 2555 898 Pedunculi
2608 838 2773 895 3—5
2822 853 2926 910 ag·

1054 945 1304 1020 gregati,
1353 946 1564 1003 breves
1611 947 1919 1003 8-12“““·
1969 945 2151 1019 longi.
2243 943 2461 1020 Sepala
2509 942 2749 1017 copiose
2794 941 2924 1016 pin·

1057 1049 1317 1126 natifida,
1349 1049 1608 1124 pinnulis
1647 1049 2187 1125 subeglandulosis,
2240 1047 2692 1108 subattenuatis.
2740 1047 2923 1105 Rece-

1049 1155 1290 1229 ptacula
1322 1154 1591 1213 ovoidea.
1641 1153 1796 1229 Styli
1845 1154 2076 1213 hirsuti.
2127 1154 2342 1235 Discus
2378 1153 2593 1228 planus
2639 1153 2737 1211 vel
2785 1151 2921 1210 sub-

1051 1261 1310 1317 conieus.
1359 1259 1757 1334 Receptacula
1802 1257 2110 1317 fructifera
2155 1259 2412 1318 breviter
2459 1257 2732 1316 ovoidea.
2814 1252 2920 1315 Pe-

1048 1363 1170 1421 tala
1219 1363 1440 1438 pallide
1488 1381 1678 1439 rosea,
1731 1363 2061 1422 subalbida.
2134 1363 2355 1421 Frutex
2404 1366 2769 1438 compactum,
2817 1360 2921 1419 liu-

1049 1467 1222 1525 milis.
1267 1465 1604 1542 Conspicua
1664 1471 1756 1526 est
1802 1468 2006 1543 planta
2055 1472 2284 1526 statui-a
2332 1471 2678 1544 compacta,
2742 1465 2923 1524 ramis

1050 1570 1233 1630 dense
1279 1571 1533 1648 foliolis,
1578 1572 1822 1631 ramulis
1871 1573 2122 1649 validis,
2181 1572 2407 1631 aculeis
2455 1571 2698 1646 crebris,
2748 1572 2918 1630 robu-

1047 1677 1174 1736 stis.
1252 1676 1476 1736 Similis
1546 1678 1740 1736 Rosae
1801 1678 2240 1738 ramosissimae
2312 1678 2474 1755 Rau,
2550 1676 2653 1735 sed
2725 1676 2923 1735 differt

1044 1779 1270 1840 foliolis
1303 1781 1767 1858 subrotundatiS,
1800 1786 2135 1841 serraturae
2168 1801 2240 1840 cx
2274 1781 2506 1857 majore.
2532 1786 2702 1858 parte
2750 1798 2916 1840 com-

1050 1887 1300 1962 positae.
1394 1887 1642 1945 Habitat
1696 1886 1754 1945 in
1802 1888 2040 1963 pascuis
2093 1888 2302 1963 siccis,
2365 1887 2780 1962 glareosisque
2842 1885 2919 1943 ad

1050 2008 1266 2066 pagum
1315 1990 1615 2050 Leesdorf
1654 2009 1840 2068 prope
1884 1992 2167 2068 oppidum
2201 1992 2404 2051 Baden
2453 1996 2511 2050 et
2560 1993 2617 2050 in
2665 1991 2918 2051 collibus

1046 2094 1388 2169 Laaerberg
1434 2095 1508 2154 ad
1556 2096 1759 2155 urbem
1800 2096 2215 2156 Vindobonam
2257 2095 2537 2156 Austriae
2597 2094 2915 2155 inferioris,

634 2278 803 2350 Rosa
848 2280 1073 2368 spuria
1116 2300 1250 2350 var.
1296 2281 1737 2371 brachys-iada
1782 2281 1855 2351 H.
1905 2281 2139 2353 Braun.
2205 2283 2285 2345 R.
2334 2283 2663 2366 myricam
2710 2282 2780 2347 J.
2830 2285 2917 2347 Β.

1048 2385 1268 2453 Keller
1313 2386 1350 2451 l.
1399 2407 1447 2452 c.
1495 2407 1570 2452 eoe
1609 2409 1710 2469 μ,
1776 2393 1879 2452 sed
1938 2397 2063 2453 tota
2117 2394 2328 2469 planta
2374 2409 2566 2466 neque
2614 2391 2916 2466 nigricans

1045 2513 1153 2557 nec
1183 2499 1640 2572 atro-purpurea
1674 2501 1782 2556 est.
1831 2497 2001 2556 Rami
2051 2497 2273 2557 aculeis
2328 2496 2608 2556 brevibus
2655 2495 2918 2555 robustis

1045 2601 1178 2676 plus
1227 2599 1418 2661 minus
1465 2603 1713 2679 armati,
1762 2601 2138 2663 subflexuosi.
2231 2602 2466 2662 Ramuli
2513 2601 2810 2661 hornotini
2859 2606 2918 2661 et

1045 2704 1307 2781 florigeri
1354 2707 1700 2782 plerumque
1748 2707 2023 2785 inermeS,
2070 2707 2316 2768 flexuosi
2368 2709 2593 2767 breves,
2647 2707 2918 2783 Stipulae

1043 2814 1295 2885 anguste
1352 2811 1723 2871 lanceolatae
1770 2812 2055 2871 auriculis
2117 2811 2307 2871 acutis
2362 2814 2457 2872 vel
2505 2811 2914 2872 subaeumina-

1045 2916 1157 2993 tie,
1221 2916 1685 2991 divergentibus.
1776 2918 2064 2977 Bracteae
2126 2918 2445 2995 dilatatae,
2515 2918 2916 2989 rubescenteS,

1044 3038 1224 3095 saepe
1271 3020 1579 3080 foliaceae.
1632 3021 1848 3080 Petioli
1896 3024 2152 3082 inermes
2197 3023 2292 3081 vel
2341 3023 2729 3098 subinermeS,
2776 3021 2916 3079 hinc

1043 3124 1180 3184 inde
1229 3126 1496 3203 pilosuli,
1555 3126 2060 3200 subeglandulosi.
2105 3165 2110 3170 ·
2153 3126 2386 3185 Foliola
2432 3127 2915 3201 quina-septena,

1039 3230 1212 3288 basin
1273 3248 1480 3289 versus
1544 3230 1899 3302 rotundata,
1959 3231 2186 3306 apicem
2249 3249 2457 3291 versus
2504 3233 2715 3307 acuta,
2780 3230 2916 3288 hinc

1040 3333 1176 3393 inde
1223 3335 1581 3404 acuminata,
1653 3316 1955 3393 serratura
2022 3336 2337 3411 irregulari
2386 3335 2913 3409 subeglandulosa.

1041 3438 1364 3498 Pedunculi
1415 3440 1642 3515 breveS,
1695 3441 1961 3498 5—8¹¹¹¹¹²·
2011 3441 2193 3518 longi,
2243 3442 2462 3500 laeves.
2511 3440 2917 3515 Receptacula

1040 3543 1700 3619 oblongo-ellipsoidea.
1760 3545 1973 3604 Discus
2021 3546 2279 3605 conicus.
2332 3545 2482 3620 Styli
2534 3544 2716 3604 dense
2764 3544 2912 3619 pilo-

1039 3648 1172 3706 suli.
1220 3649 1618 3725 Receptacula
1664 3648 1969 3708 fructifera
2017 3650 2680 3726 oblongo-ellipsoidea.
2727 3649 2912 3708 Habi-

1039 3755 1126 3810 tat
1187 3753 1248 3811 in
1307 3746 1554 3812 Austria
1621 3753 1902 3813 inferiore
1965 3754 2118 3814 inter
2180 3757 2307 3814 loca
2378 3753 2789 3829 Oberbergern
2854 3759 2916 3814 et

1038 3856 1370 3916 Paltmiihle
1433 3859 1508 3916 ad
1559 3859 1843 3935 oppidum
1893 3861 2139 3939 Krems,
2205 3860 2302 3920 ubi
2341 3860 2393 3919 J.
2445 3860 2701 3919 Kanum
2744 3861 2914 3936 plan·

1035 3974 1157 4018 tam
1203 3962 1525 4021 notabilem
1575 3963 1820 4023 detexit.

624 4143 792 4215 Rosa
839 4145 1075 4217 canina
1120 4146 1188 4216 L.
1235 4148 1525 4238 subspec.
1577 4149 1987 4221 Wettsteinii
2035 4150 2110 4220 H.
2144 4149 2364 4220 Braun
2405 4156 2463 4214 in
2499 4154 2759 4216 oesterr.
2797 4156 2915 4215 bot.

1037 4256 1378 4316 Zeitschrift
1422 4259 1641 4317 XXXV
1703 4279 1759 4335 p.
1813 4263 1958 4320 303.
2024 4257 2250 4343 (1885)
2312 4280 2421 4336 pro
2470 4262 2688 4338 specie.
2739 4262 2911 4322 Conf.

1042 4360 1520 4437 descriptionem.
