3332 5241
1064 535 1374 580 PLANTAE
1418 531 2003 579 MONTENEGmnAss
2618 515 2701 577 63

623 726 833 791 Radix
876 726 1213 809 plurimum
1269 722 1615 789 fusiformis
1678 742 1875 804 saepe
1936 740 2208 786 ramosa.
2303 720 2533 786 Caules
2593 742 2702 786 nu-

414 839 868 921 merosissimi,
932 838 1240 920 graciles,
1313 836 1773 919 ramosissimi,
1838 836 2536 919 caespitoso-congesti
2597 835 2702 901 vel

418 953 703 1036 elongati
750 951 1258 1036 procumbentes,
1306 949 1567 1014 floriferi
1619 948 1831 1031 erecti,
1881 948 2141 1032 copiose
2173 948 2394 1031 foliati,
2445 954 2700 1032 teretes,

418 1068 700 1133 breviter
745 1065 862 1132 sed
911 1065 1109 1130 dense
1156 1065 1344 1149 pilosi
1394 1063 1890 1145 subtomentosi,
1939 1062 2279 1147 plurimum
2325 1064 2365 1127 2
2411 1062 2615 1129 rarius
2666 1066 2698 1128 1

416 1181 522 1245 vel
569 1180 741 1245 3—4
785 1177 960 1260 flori,
1023 1179 1238 1243 8-15
1285 1198 1400 1242 cm.
1466 1177 1661 1258 longi.
1752 1176 1938 1241 Folia
1998 1176 2295 1260 opposita
2340 1174 2700 1254 decussata,

417 1292 721 1359 inferiora
766 1298 1038 1375 anguste
1087 1292 1367 1374 oblonga
1406 1290 1728 1356 emarcida
1775 1289 2035 1373 reflexa,
2082 1291 2414 1374 superiora
2461 1292 2704 1374 majora

418 1406 720 1490 elliptica,
769 1405 982 1470 omnia
1014 1404 1476 1470 subrotundata
1520 1403 1625 1469 vel
1657 1404 1849 1487 paulo
1882 1403 2263 1486 acuminata,
2312 1403 2518 1468 basim
2563 1425 2701 1469 ver-

420 1539 529 1584 sus
576 1520 743 1584 infra
786 1517 1043 1600 longius
1107 1538 1301 1601 supra
1362 1518 1570 1582 minus
1633 1524 1992 1597 attenuata,
2035 1516 2319 1599 integra,
2370 1517 2704 1583 uninervia

421 1652 564 1697 cum
610 1652 806 1697 nervo
853 1632 1063 1696 medio
1113 1631 1335 1696 subtus
1377 1631 1794 1714 prominente,
1843 1634 2134 1712 utrinque
2180 1629 2379 1696 dense
2430 1631 2704 1695 breviter

422 1745 1218 1828 pilosa,subcanescentia,
1244 1745 1457 1809 media
1488 1746 1567 1808 10
1590 1744 1738 1807 -17
1764 1764 1907 1808 mm.
1934 1744 2147 1826 longa,
2173 1744 2346 1808 4—6
2372 1765 2515 1807 mm.
2549 1744 2697 1808 lata.

418 1859 605 1923 Folia
647 1858 835 1923 fiores
883 1857 1134 1924 infimos
1180 1857 1516 1921 fulcrantia
1578 1857 1798 1922 alteris
1863 1857 2160 1938 aequalia
2207 1877 2403 1941 saepe
2450 1857 2699 1938 latiora,

420 1972 757 2053 sequentia
801 1978 865 2036 et
910 1990 1143 2054 supera
1183 1971 1379 2034 multo
1428 1969 1675 2035 minora
1709 1969 2255 2051 bracteaeformia,
2304 1975 2368 2033 in
2413 1971 2701 2053 margine

419 2105 622 2167 usque
667 2083 749 2148 ad
797 2085 1044 2169 apicem
1095 2084 1790 2166 scarioso·ma.rginata.
1881 2084 2105 2149 Flores
2167 2084 2503 2148 inferiores
2550 2084 2704 2148 late-

423 2198 614 2279 raleS,
665 2198 876 2282 superi
924 2197 1577 2282 pseudoterminaleS,
1631 2199 1710 2262 15
1755 2219 1834 2261 m.
1886 2198 2031 2280 lati,
2097 2218 2317 2262 omnes
2361 2199 2551 2280 longe
2600 2218 2705 2280 pe-

424 2312 769 2375 dunculati.
816 2312 1165 2376 Pedunculi
1199 2331 1312 2395 per
1343 2310 1658 2375 anthesim
1689 2311 1879 2376 flores
1911 2309 2309 2392 longitudine
2356 2318 2731 2400 aequantes*

422 2425 526 2489 vel
571 2424 765 2508 duplo
797 2433 1198 2508 superantes,
1245 2424 1571 2506 fructigeri
1606 2423 1934 2508 capsulam
1966 2431 2315 2506 aequantes
2364 2424 2469 2490 vel
2514 2426 2704 2508 paulo

419 2538 764 2620 longiores.
858 2537 1098 2622 Sepala
1144 2537 1440 2622 oblonga,
1484 2538 1612 2602 late
1647 2538 1931 2603 scarioso
1965 2537 2344 2619 marginata,
2391 2538 2709 2602 exteriora

426 2658 491 2716 et
536 2652 600 2715 in
647 2652 936 2733 margine
985 2659 1048 2718 et
1092 2653 1159 2716 in
1205 2659 1386 2736 parte
1432 2646 1708 2718 foliacea
1760 2660 1944 2718 extus
1993 2653 2230 2735 pilosa,
2294 2652 2596 2717 interiora
2639 2652 2705 2715 in

424 2765 714 2847 margine
759 2766 1003 2849 glabra,
1051 2772 1265 2831 omnia
1308 2766 1550 2831 fructus
1599 2773 1883 2850 tempore
1931 2767 2410 2831 marcescentia.
2484 2766 2707 2830 Petala

431 2879 830 2964 (normaliter
885 2880 1165 2964 evoluta)
1225 2880 1447 2963 calyce
1508 2881 1616 2944 vix
1680 2879 1872 2962 duplo
1932 2881 2224 2962 longiora
2284 2880 2508 2962 (saepe
2571 2879 2708 2943 bre-

410 2973 633 3078 vviora)
680 2992 989 3075 profunde
1041 2992 1175 3057 fere
1222 2994 1306 3056 ad
1339 2993 1614 3057 mediam
1648 2992 2049 3074 emarginata
2095 3013 2234 3057 cum
2285 2993 2447 3057 lobis
2496 3000 2706 3057 rotun-

426 3105 613 3186 datis,
664 3105 866 3169 basim
913 3124 1136 3169 versus
1169 3106 1404 3170 sensim
1454 3112 1804 3182 attenuata,
1839 3107 1879 3169 9
1906 3127 2049 3170 mm.
2083 3105 2277 3188 longa
2309 3107 2352 3169 4
2377 3127 2521 3170 mm.
2558 3107 2707 3170 lata.

637 3235 919 3319 Capsula
964 3235 1407 3319 cylindracea,
1474 3237 1696 3320 calyce
1759 3237 1900 3320 plus
1962 3256 2150 3317 quam
2198 3236 2390 3319 duplo
2439 3236 2709 3318 longior,

434 3348 689 3412 10-—12
736 3370 880 3412 mm.
930 3349 1159 3431 longa3
1224 3350 1510 3413 eiusdem
1572 3351 1799 3415 dentes
1860 3351 1941 3413 10
1987 3350 2411 3433 triangulares
2457 3349 2708 3431 breves,

428 3462 491 3524 in
542 3462 829 3527 siccitate
869 3463 1192 3547 subpatuli
1245 3471 1309 3527 et
1353 3464 1415 3526 in
1465 3463 1755 3546 margine
1803 3463 2090 3528 revoluti.
2140 3463 2403 3529 Semina
2447 3463 2709 3527 lenticu-

427 3574 592 3639 laria
636 3574 1036 3658 reniformia,
1101 3577 1450 3658 squamulis
1514 3577 1744 3642 crectis
1809 3566 2261 3660 subquadratis
2309 3577 2583 3660 obtusis,
2646 3578 2712 3639 in

426 3688 570 3753 basi
640 3689 956 3754 subtiliter
1018 3689 1312 3755 sulcatis,
1384 3690 1782 3755 concentrice
1856 3691 2163 3755 ordinatis
2234 3698 2298 3755 et
2365 3691 2713 3773 micropyle

427 3821 658 3867 versus
707 3802 1225 3867 decrescentibus
1273 3803 1471 3868 dense
1519 3805 1791 3886 obtecta,
1840 3803 1996 3886 rufa,
2051 3806 2151 3867 1·5
2199 3824 2342 3868 mm.
2391 3802 2540 3867 lata.

645 4009 1003 4078 Cerastium
1073 4013 1422 4099 latifolium
1490 4013 1673 4077 Linn.
1749 4012 1933 4099 (Tab.
2003 4013 2110 4094 IV,
2181 4013 2285 4095 fig.
2347 4012 2434 4093 h.)
2507 4012 2718 4078 differt

431 4123 784 4188 seminibus
834 4126 1058 4190 obtuse
1092 4126 1536 4206 verruculosis,
1584 4125 1847 4190 floribus
1890 4126 2235 4206 majoribus
2279 4127 2535 4189 28-32
2570 4148 2712 4190 mm.

431 4235 601 4318 latis,
650 4238 887 4304 corolla
933 4238 1159 4321 sepala
1212 4239 1612 4321 longitudine
1659 4239 1800 4322 plus
1848 4258 2035 4320 quam
2096 4238 2287 4322 duplo
2349 4247 2711 4322 superante,

430 4348 599 4414 foliis
645 4350 1060 4415 fulcrantibus
1109 4351 1396 4417 foliaceis
1454 4371 1579 4415 non
1627 4352 2350 4434 scarioso-marginatiS,
2410 4353 2712 4435 capsulae

432 4481 544 4526 ore
591 4463 866 4546 obliquo,
