<?xml version="1.0" encoding="UTF-8"?>
<!DOCTYPE html PUBLIC "-//W3C//DTD XHTML 1.0 Transitional//EN"
    "http://www.w3.org/TR/xhtml1/DTD/xhtml1-transitional.dtd">
<html xmlns="http://www.w3.org/1999/xhtml" xml:lang="en" lang="en">
 <head>
  <title>
</title>
<meta http-equiv="Content-Type" content="text/html;charset=utf-8" />
  <meta name='ocr-system' content='tesseract 3.04.00' />
  <meta name='ocr-capabilities' content='ocr_page ocr_carea ocr_par ocr_line ocrx_word'/>
</head>
<body>
  <div class='ocr_page' id='page_1' title='image "./plantaeignszysz00szysgoog_0103.png"; bbox 0 0 3332 5241; ppageno 0'>
   <div class='ocr_carea' id='block_1_1' title="bbox 1032 499 2662 568">
    <p class='ocr_par' dir='ltr' id='par_1_1' title="bbox 1032 499 2662 568">
     <span class='ocr_line' id='line_1_1' title="bbox 1032 499 2662 568; baseline -0.001 -1"><span class='ocrx_word' id='word_1_1' title='bbox 1032 520 1343 568; x_wconf 77' lang='lat' dir='ltr'>PLANTAE</span> <span class='ocrx_word' id='word_1_2' title='bbox 1387 519 1991 568; x_wconf 78' lang='lat' dir='ltr'>MONTENEGRINAE.</span> <span class='ocrx_word' id='word_1_3' title='bbox 2576 499 2662 566; x_wconf 87' lang='lat'>95</span> 
     </span>
    </p>
   </div>
   <div class='ocr_carea' id='block_1_2' title="bbox 473 680 2667 891">
    <p class='ocr_par' dir='ltr' id='par_1_2' title="bbox 473 680 2667 891">
     <span class='ocr_line' id='line_1_2' title="bbox 473 680 2664 803; baseline -0.005 -20"><span class='ocrx_word' id='word_1_4' title='bbox 473 714 685 802; x_wconf 80' lang='lat' dir='ltr'>subsp.</span> <span class='ocrx_word' id='word_1_5' title='bbox 735 712 902 783; x_wconf 80' lang='lat' dir='ltr'>Rosa</span> <span class='ocrx_word' id='word_1_6' title='bbox 948 680 1173 803; x_wconf 82' lang='lat' dir='ltr'>spuria</span> <span class='ocrx_word' id='word_1_7' title='bbox 1218 710 1429 801; x_wconf 79' lang='lat' dir='ltr'>Puget</span> <span class='ocrx_word' id='word_1_8' title='bbox 1475 712 1538 776; x_wconf 91' lang='lat' dir='ltr'>in</span> <span class='ocrx_word' id='word_1_9' title='bbox 1570 712 1832 794; x_wconf 64' lang='lat' dir='ltr'>Deseg„</span> <span class='ocrx_word' id='word_1_10' title='bbox 1875 711 2098 776; x_wconf 82' lang='lat' dir='ltr'>Descr.</span> <span class='ocrx_word' id='word_1_11' title='bbox 2133 710 2214 775; x_wconf 87' lang='lat' dir='ltr'>de</span> <span class='ocrx_word' id='word_1_12' title='bbox 2246 708 2496 792; x_wconf 85' lang='lat' dir='ltr'>quelqu.</span> <span class='ocrx_word' id='word_1_13' title='bbox 2530 729 2664 795; x_wconf 87' lang='lat' dir='ltr'>esp.</span> 
     </span>
     <span class='ocr_line' id='line_1_3' title="bbox 799 822 2667 891; baseline -0.001 -2"><span class='ocrx_word' id='word_1_14' title='bbox 799 845 987 891; x_wconf 90' lang='lat' dir='ltr'>nouv.</span> <span class='ocrx_word' id='word_1_15' title='bbox 1047 825 1111 890; x_wconf 90' lang='lat' dir='ltr'>in</span> <span class='ocrx_word' id='word_1_16' title='bbox 1175 824 1361 889; x_wconf 78' lang='lat' dir='ltr'>Mem.</span> <span class='ocrx_word' id='word_1_17' title='bbox 1430 825 1510 891; x_wconf 92' lang='lat' dir='ltr'>de</span> <span class='ocrx_word' id='word_1_18' title='bbox 1578 825 1642 890; x_wconf 87' lang='lat' dir='ltr'>la</span> <span class='ocrx_word' id='word_1_19' title='bbox 1704 825 1847 891; x_wconf 89' lang='lat' dir='ltr'>Soc.</span> <span class='ocrx_word' id='word_1_20' title='bbox 1912 825 2111 889; x_wconf 89' lang='lat' dir='ltr'>Acad.</span> <span class='ocrx_word' id='word_1_21' title='bbox 2175 822 2255 888; x_wconf 87' lang='lat' dir='ltr'>de</span> <span class='ocrx_word' id='word_1_22' title='bbox 2317 822 2530 888; x_wconf 86' lang='lat' dir='ltr'>Maine</span> <span class='ocrx_word' id='word_1_23' title='bbox 2603 828 2667 888; x_wconf 88' lang='lat' dir='ltr'>et</span> 
     </span>
    </p>
   </div>
   <div class='ocr_carea' id='block_1_3' title="bbox 798 937 1807 1024">
    <p class='ocr_par' dir='ltr' id='par_1_3' title="bbox 798 937 1807 1024">
     <span class='ocr_line' id='line_1_4' title="bbox 798 937 1807 1024; baseline 0 -22"><span class='ocrx_word' id='word_1_24' title='bbox 798 938 989 1004; x_wconf 90' lang='lat' dir='ltr'>Loire</span> <span class='ocrx_word' id='word_1_25' title='bbox 1035 939 1137 1022; x_wconf 85' lang='lat'>28,</span> <span class='ocrx_word' id='word_1_26' title='bbox 1188 957 1335 1022; x_wconf 89' lang='lat' dir='ltr'>pag.</span> <span class='ocrx_word' id='word_1_27' title='bbox 1390 937 1511 1003; x_wconf 84' lang='lat'>109</span> <span class='ocrx_word' id='word_1_28' title='bbox 1561 937 1807 1024; x_wconf 86' lang='lat'>(1873).</span> 
     </span>
    </p>
   </div>
   <div class='ocr_carea' id='block_1_4' title="bbox 470 1153 2663 1357">
    <p class='ocr_par' dir='ltr' id='par_1_4' title="bbox 470 1153 2663 1357">
     <span class='ocr_line' id='line_1_5' title="bbox 470 1153 2663 1247; baseline -0.001 -26"><span class='ocrx_word' id='word_1_29' title='bbox 470 1174 608 1226; x_wconf 84' lang='lat' dir='ltr'>var.</span> <span class='ocrx_word' id='word_1_30' title='bbox 656 1155 823 1226; x_wconf 79' lang='lat' dir='ltr'>Rosa</span> <span class='ocrx_word' id='word_1_31' title='bbox 869 1156 1091 1247; x_wconf 79' lang='lat' dir='ltr'>aprica</span> <span class='ocrx_word' id='word_1_32' title='bbox 1149 1156 1226 1227; x_wconf 82' lang='lat' dir='ltr'>H.</span> <span class='ocrx_word' id='word_1_33' title='bbox 1282 1155 1499 1226; x_wconf 80' lang='lat' dir='ltr'>Braun</span> <span class='ocrx_word' id='word_1_34' title='bbox 1558 1156 1625 1219; x_wconf 91' lang='lat' dir='ltr'>in</span> <span class='ocrx_word' id='word_1_35' title='bbox 1673 1155 1935 1239; x_wconf 87' lang='lat' dir='ltr'>Oborny</span> <span class='ocrx_word' id='word_1_36' title='bbox 1996 1154 2190 1220; x_wconf 85' lang='lat' dir='ltr'>Flora</span> <span class='ocrx_word' id='word_1_37' title='bbox 2229 1174 2352 1220; x_wconf 90' lang='lat' dir='ltr'>von</span> <span class='ocrx_word' id='word_1_38' title='bbox 2399 1153 2663 1219; x_wconf 72' lang='lat' dir='ltr'>Mahren</span> 
     </span>
     <span class='ocr_line' id='line_1_6' title="bbox 801 1268 2140 1357; baseline 0 -25"><span class='ocrx_word' id='word_1_39' title='bbox 801 1288 947 1355; x_wconf 88' lang='lat' dir='ltr'>pag.</span> <span class='ocrx_word' id='word_1_40' title='bbox 997 1270 1125 1335; x_wconf 85' lang='lat'>894</span> <span class='ocrx_word' id='word_1_41' title='bbox 1171 1270 1419 1357; x_wconf 88' lang='lat'>(1886).</span> <span class='ocrx_word' id='word_1_42' title='bbox 1468 1268 1627 1334; x_wconf 88' lang='lat' dir='ltr'>Tab.</span> <span class='ocrx_word' id='word_1_43' title='bbox 1679 1269 1750 1334; x_wconf 92' lang='lat' dir='ltr'>V.</span> <span class='ocrx_word' id='word_1_44' title='bbox 1799 1270 1904 1352; x_wconf 87' lang='lat' dir='ltr'>fig.</span> <span class='ocrx_word' id='word_1_45' title='bbox 1955 1268 2140 1335; x_wconf 90' lang='lat' dir='ltr'>e—h.</span> 
     </span>
    </p>
   </div>
   <div class='ocr_carea' id='block_1_5' title="bbox 800 1496 2684 4532">
    <p class='ocr_par' dir='ltr' id='par_1_5' title="bbox 800 1496 2684 4532">
     <span class='ocr_line' id='line_1_7' title="bbox 801 1496 2669 1582; baseline 0.001 -21"><span class='ocrx_word' id='word_1_46' title='bbox 801 1496 1040 1562; x_wconf 84' lang='lat' dir='ltr'>Frutex</span> <span class='ocrx_word' id='word_1_47' title='bbox 1100 1496 1247 1560; x_wconf 86' lang='lat' dir='ltr'>laxe</span> <span class='ocrx_word' id='word_1_48' title='bbox 1311 1496 1719 1562; x_wconf 89' lang='lat' dir='ltr'>ramificatus.</span> <span class='ocrx_word' id='word_1_49' title='bbox 1767 1496 1952 1562; x_wconf 86' lang='lat' dir='ltr'>Rami</span> <span class='ocrx_word' id='word_1_50' title='bbox 1990 1496 2669 1582; x_wconf 86' lang='lat' dir='ltr'>subpurpurascentes,</span> 
     </span>
     <span class='ocr_line' id='line_1_8' title="bbox 803 1609 2668 1693; baseline 0.002 -20"><span class='ocrx_word' id='word_1_51' title='bbox 803 1609 1000 1675; x_wconf 90' lang='lat' dir='ltr'>dense</span> <span class='ocrx_word' id='word_1_52' title='bbox 1048 1610 1341 1675; x_wconf 77' lang='lat' dir='ltr'>aculeati.</span> <span class='ocrx_word' id='word_1_53' title='bbox 1410 1610 1633 1676; x_wconf 88' lang='lat' dir='ltr'>Aculei</span> <span class='ocrx_word' id='word_1_54' title='bbox 1681 1611 2183 1693; x_wconf 74' lang='lat' dir='ltr'>cinerascenteS,</span> <span class='ocrx_word' id='word_1_55' title='bbox 2231 1610 2518 1676; x_wconf 90' lang='lat' dir='ltr'>inclinati</span> <span class='ocrx_word' id='word_1_56' title='bbox 2564 1612 2668 1677; x_wconf 91' lang='lat' dir='ltr'>vel</span> 
     </span>
     <span class='ocr_line' id='line_1_9' title="bbox 804 1722 2668 1808; baseline 0.001 -21"><span class='ocrx_word' id='word_1_57' title='bbox 804 1723 868 1787; x_wconf 92' lang='lat' dir='ltr'>in</span> <span class='ocrx_word' id='word_1_58' title='bbox 944 1722 1136 1789; x_wconf 88' lang='lat' dir='ltr'>ramis</span> <span class='ocrx_word' id='word_1_59' title='bbox 1197 1723 1557 1806; x_wconf 89' lang='lat' dir='ltr'>junioribus</span> <span class='ocrx_word' id='word_1_60' title='bbox 1626 1722 1983 1789; x_wconf 87' lang='lat' dir='ltr'>subfalcati.</span> <span class='ocrx_word' id='word_1_61' title='bbox 2075 1724 2326 1789; x_wconf 89' lang='lat' dir='ltr'>Ramuli</span> <span class='ocrx_word' id='word_1_62' title='bbox 2393 1724 2668 1808; x_wconf 81' lang='lat' dir='ltr'><strong>vinacei,</strong></span> 
     </span>
     <span class='ocr_line' id='line_1_10' title="bbox 800 1835 2667 1922; baseline 0.001 -22"><span class='ocrx_word' id='word_1_63' title='bbox 800 1836 1079 1903; x_wconf 79' lang='lat' dir='ltr'>virentes</span> <span class='ocrx_word' id='word_1_64' title='bbox 1126 1841 1189 1900; x_wconf 88' lang='lat' dir='ltr'>et</span> <span class='ocrx_word' id='word_1_65' title='bbox 1232 1837 1300 1900; x_wconf 90' lang='lat' dir='ltr'>in</span> <span class='ocrx_word' id='word_1_66' title='bbox 1345 1836 1606 1901; x_wconf 89' lang='lat' dir='ltr'>ramulis</span> <span class='ocrx_word' id='word_1_67' title='bbox 1638 1835 1993 1903; x_wconf 83' lang='lat' dir='ltr'>hornotinis</span> <span class='ocrx_word' id='word_1_68' title='bbox 2025 1856 2221 1922; x_wconf 84' lang='lat' dir='ltr'>saepe</span> <span class='ocrx_word' id='word_1_69' title='bbox 2270 1857 2411 1903; x_wconf 86' lang='lat' dir='ltr'>rore</span> <span class='ocrx_word' id='word_1_70' title='bbox 2451 1857 2667 1903; x_wconf 88' lang='lat' dir='ltr'>coeru-</span> 
     </span>
     <span class='ocr_line' id='line_1_11' title="bbox 804 1948 2667 2035; baseline 0.003 -22"><span class='ocrx_word' id='word_1_71' title='bbox 804 1949 905 2014; x_wconf 93' lang='lat' dir='ltr'>leo</span> <span class='ocrx_word' id='word_1_72' title='bbox 951 1949 1123 2025; x_wconf 90' lang='lat' dir='ltr'>tecti,</span> <span class='ocrx_word' id='word_1_73' title='bbox 1171 1948 1371 2015; x_wconf 90' lang='lat' dir='ltr'>dense</span> <span class='ocrx_word' id='word_1_74' title='bbox 1419 1954 1483 2014; x_wconf 92' lang='lat' dir='ltr'>et</span> <span class='ocrx_word' id='word_1_75' title='bbox 1528 1948 1945 2034; x_wconf 87' lang='lat' dir='ltr'>subopposite</span> <span class='ocrx_word' id='word_1_76' title='bbox 1991 1949 2285 2035; x_wconf 66' lang='lat' dir='ltr'>aculeati.</span> <span class='ocrx_word' id='word_1_77' title='bbox 2379 1949 2667 2035; x_wconf 88' lang='lat' dir='ltr'>Stipulae</span> 
     </span>
     <span class='ocr_line' id='line_1_12' title="bbox 804 2042 2666 2146; baseline 0.002 -21"><span class='ocrx_word' id='word_1_78' title='bbox 804 2061 1199 2129; x_wconf 87' lang='lat' dir='ltr'>lanceolatae</span> <span class='ocrx_word' id='word_1_79' title='bbox 1218 2113 1235 2146; x_wconf 94' lang='lat'>,</span> <span class='ocrx_word' id='word_1_80' title='bbox 1286 2063 1724 2146; x_wconf 87' lang='lat' dir='ltr'>rubescentes,</span> <span class='ocrx_word' id='word_1_81' title='bbox 1771 2063 2070 2129; x_wconf 81' lang='lat' dir='ltr'>auriculis</span> <span class='ocrx_word' id='word_1_82' title='bbox 2117 2042 2417 2129; x_wconf 69' lang='lat' dir='ltr'>brevibus</span> <span class='ocrx_word' id='word_1_83' title='bbox 2463 2063 2666 2130; x_wconf 87' lang='lat' dir='ltr'>diver-</span> 
     </span>
     <span class='ocr_line' id='line_1_13' title="bbox 805 2175 2669 2267; baseline 0.001 -24"><span class='ocrx_word' id='word_1_84' title='bbox 805 2176 1137 2267; x_wconf 83' lang='lat' dir='ltr'>gentibus,</span> <span class='ocrx_word' id='word_1_85' title='bbox 1201 2177 1268 2240; x_wconf 92' lang='lat' dir='ltr'>in</span> <span class='ocrx_word' id='word_1_86' title='bbox 1330 2176 1618 2260; x_wconf 86' lang='lat' dir='ltr'>margine</span> <span class='ocrx_word' id='word_1_87' title='bbox 1680 2175 2001 2260; x_wconf 85' lang='lat' dir='ltr'>glandulis</span> <span class='ocrx_word' id='word_1_88' title='bbox 2064 2178 2669 2262; x_wconf 88' lang='lat' dir='ltr'>purpurascentibus</span> 
     </span>
     <span class='ocr_line' id='line_1_14' title="bbox 806 2288 2671 2374; baseline 0.001 -20"><span class='ocrx_word' id='word_1_89' title='bbox 806 2288 1005 2356; x_wconf 89' lang='lat' dir='ltr'>dense</span> <span class='ocrx_word' id='word_1_90' title='bbox 1050 2290 1361 2357; x_wconf 81' lang='lat' dir='ltr'>obtectae.</span> <span class='ocrx_word' id='word_1_91' title='bbox 1408 2289 1637 2356; x_wconf 90' lang='lat' dir='ltr'>Petioli</span> <span class='ocrx_word' id='word_1_92' title='bbox 1683 2290 1951 2373; x_wconf 89' lang='lat' dir='ltr'>vinacei,</span> <span class='ocrx_word' id='word_1_93' title='bbox 1998 2290 2355 2374; x_wconf 87' lang='lat' dir='ltr'>aculeolati,</span> <span class='ocrx_word' id='word_1_94' title='bbox 2404 2290 2671 2374; x_wconf 90' lang='lat' dir='ltr'>glandu-</span> 
     </span>
     <span class='ocr_line' id='line_1_15' title="bbox 808 2402 2673 2488; baseline 0.002 -21"><span class='ocrx_word' id='word_1_95' title='bbox 808 2403 885 2469; x_wconf 90' lang='lat' dir='ltr'>lis</span> <span class='ocrx_word' id='word_1_96' title='bbox 932 2403 1094 2468; x_wconf 85' lang='lat' dir='ltr'>raris</span> <span class='ocrx_word' id='word_1_97' title='bbox 1141 2403 1289 2469; x_wconf 90' lang='lat' dir='ltr'>hinc</span> <span class='ocrx_word' id='word_1_98' title='bbox 1335 2402 1485 2469; x_wconf 90' lang='lat' dir='ltr'>inde</span> <span class='ocrx_word' id='word_1_99' title='bbox 1517 2403 1830 2488; x_wconf 86' lang='lat' dir='ltr'>adspersi.</span> <span class='ocrx_word' id='word_1_100' title='bbox 1878 2403 2128 2470; x_wconf 86' lang='lat' dir='ltr'>Foliola</span> <span class='ocrx_word' id='word_1_101' title='bbox 2160 2404 2673 2488; x_wconf 88' lang='lat' dir='ltr'>quina-septena,</span> 
     </span>
     <span class='ocr_line' id='line_1_16' title="bbox 807 2517 2672 2601; baseline 0.002 -19"><span class='ocrx_word' id='word_1_102' title='bbox 807 2536 1003 2600; x_wconf 84' lang='lat' dir='ltr'>saepe</span> <span class='ocrx_word' id='word_1_103' title='bbox 1066 2523 1352 2601; x_wconf 90' lang='lat' dir='ltr'>septena,</span> <span class='ocrx_word' id='word_1_104' title='bbox 1417 2537 1614 2600; x_wconf 90' lang='lat' dir='ltr'>parva</span> <span class='ocrx_word' id='word_1_105' title='bbox 1676 2517 2182 2583; x_wconf 86' lang='lat' dir='ltr'>subvirescentia</span> <span class='ocrx_word' id='word_1_106' title='bbox 2241 2518 2344 2583; x_wconf 91' lang='lat' dir='ltr'>vel</span> <span class='ocrx_word' id='word_1_107' title='bbox 2402 2517 2672 2585; x_wconf 91' lang='lat' dir='ltr'>obscure</span> 
     </span>
     <span class='ocr_line' id='line_1_17' title="bbox 804 2630 2673 2711; baseline 0.002 -16"><span class='ocrx_word' id='word_1_108' title='bbox 804 2630 1207 2711; x_wconf 86' lang='lat' dir='ltr'>virescentia‚</span> <span class='ocrx_word' id='word_1_109' title='bbox 1257 2631 1477 2698; x_wconf 87' lang='lat' dir='ltr'>subtus</span> <span class='ocrx_word' id='word_1_110' title='bbox 1524 2630 1606 2696; x_wconf 91' lang='lat' dir='ltr'>ad</span> <span class='ocrx_word' id='word_1_111' title='bbox 1650 2651 1850 2697; x_wconf 90' lang='lat' dir='ltr'>venas</span> <span class='ocrx_word' id='word_1_112' title='bbox 1897 2631 2168 2699; x_wconf 88' lang='lat' dir='ltr'>vinacea</span> <span class='ocrx_word' id='word_1_113' title='bbox 2214 2638 2279 2699; x_wconf 91' lang='lat' dir='ltr'>et</span> <span class='ocrx_word' id='word_1_114' title='bbox 2323 2632 2388 2697; x_wconf 92' lang='lat' dir='ltr'>in</span> <span class='ocrx_word' id='word_1_115' title='bbox 2432 2632 2673 2699; x_wconf 90' lang='lat' dir='ltr'>lamina</span> 
     </span>
     <span class='ocr_line' id='line_1_18' title="bbox 806 2744 2669 2831; baseline 0.001 -22"><span class='ocrx_word' id='word_1_116' title='bbox 806 2744 1178 2830; x_wconf 86' lang='lat' dir='ltr'>pallidiora,</span> <span class='ocrx_word' id='word_1_117' title='bbox 1230 2745 1512 2829; x_wconf 86' lang='lat' dir='ltr'>elliptica</span> <span class='ocrx_word' id='word_1_118' title='bbox 1556 2746 1657 2811; x_wconf 90' lang='lat' dir='ltr'>vel</span> <span class='ocrx_word' id='word_1_119' title='bbox 1705 2745 2236 2830; x_wconf 90' lang='lat' dir='ltr'>elliptico·ovata,</span> <span class='ocrx_word' id='word_1_120' title='bbox 2293 2745 2377 2810; x_wconf 88' lang='lat' dir='ltr'>ad</span> <span class='ocrx_word' id='word_1_121' title='bbox 2422 2747 2669 2831; x_wconf 90' lang='lat' dir='ltr'>apicem</span> 
     </span>
     <span class='ocr_line' id='line_1_19' title="bbox 807 2859 2673 2941; baseline 0.003 -19"><span class='ocrx_word' id='word_1_122' title='bbox 807 2866 994 2925; x_wconf 89' lang='lat' dir='ltr'>acuta</span> <span class='ocrx_word' id='word_1_123' title='bbox 1058 2859 1156 2924; x_wconf 88' lang='lat' dir='ltr'>vel</span> <span class='ocrx_word' id='word_1_124' title='bbox 1207 2860 1725 2941; x_wconf 85' lang='lat' dir='ltr'>subaeuminata,</span> <span class='ocrx_word' id='word_1_125' title='bbox 1790 2861 1893 2926; x_wconf 90' lang='lat' dir='ltr'>vel</span> <span class='ocrx_word' id='word_1_126' title='bbox 1955 2861 2019 2925; x_wconf 92' lang='lat' dir='ltr'>in</span> <span class='ocrx_word' id='word_1_127' title='bbox 2081 2860 2313 2926; x_wconf 89' lang='lat' dir='ltr'>infimis</span> <span class='ocrx_word' id='word_1_128' title='bbox 2361 2860 2673 2927; x_wconf 88' lang='lat' dir='ltr'>obtusius·</span> 
     </span>
     <span class='ocr_line' id='line_1_20' title="bbox 811 2972 2673 3054; baseline 0.001 -17"><span class='ocrx_word' id='word_1_129' title='bbox 811 2972 971 3053; x_wconf 89' lang='lat' dir='ltr'>cula,</span> <span class='ocrx_word' id='word_1_130' title='bbox 1018 2972 1342 3054; x_wconf 85' lang='lat' dir='ltr'>obtusata,</span> <span class='ocrx_word' id='word_1_131' title='bbox 1407 2973 1590 3039; x_wconf 88' lang='lat' dir='ltr'>basin</span> <span class='ocrx_word' id='word_1_132' title='bbox 1636 2993 1861 3040; x_wconf 89' lang='lat' dir='ltr'>versus</span> <span class='ocrx_word' id='word_1_133' title='bbox 1909 2979 2233 3040; x_wconf 89' lang='lat' dir='ltr'>attenuata</span> <span class='ocrx_word' id='word_1_134' title='bbox 2279 2975 2380 3040; x_wconf 88' lang='lat' dir='ltr'>vel</span> <span class='ocrx_word' id='word_1_135' title='bbox 2426 2974 2489 3037; x_wconf 90' lang='lat' dir='ltr'>in</span> <span class='ocrx_word' id='word_1_136' title='bbox 2537 2974 2673 3038; x_wconf 89' lang='lat' dir='ltr'>infi-</span> 
     </span>
     <span class='ocr_line' id='line_1_21' title="bbox 812 3085 2675 3171; baseline 0.002 -23"><span class='ocrx_word' id='word_1_137' title='bbox 812 3085 932 3149; x_wconf 93' lang='lat' dir='ltr'>mis</span> <span class='ocrx_word' id='word_1_138' title='bbox 965 3086 1211 3167; x_wconf 91' lang='lat' dir='ltr'>obtusa,</span> <span class='ocrx_word' id='word_1_139' title='bbox 1259 3087 1325 3151; x_wconf 92' lang='lat' dir='ltr'>in</span> <span class='ocrx_word' id='word_1_140' title='bbox 1357 3087 1646 3170; x_wconf 85' lang='lat' dir='ltr'>margine</span> <span class='ocrx_word' id='word_1_141' title='bbox 1680 3087 2087 3153; x_wconf 89' lang='lat' dir='ltr'>rubescentia</span> <span class='ocrx_word' id='word_1_142' title='bbox 2134 3095 2195 3152; x_wconf 92' lang='lat' dir='ltr'>et</span> <span class='ocrx_word' id='word_1_143' title='bbox 2241 3087 2675 3171; x_wconf 86' lang='lat' dir='ltr'>irregulariter</span> 
     </span>
     <span class='ocr_line' id='line_1_22' title="bbox 812 3198 2677 3282; baseline 0.001 -19"><span class='ocrx_word' id='word_1_144' title='bbox 812 3198 957 3264; x_wconf 89' lang='lat' dir='ltr'>hinc</span> <span class='ocrx_word' id='word_1_145' title='bbox 1002 3199 1151 3264; x_wconf 91' lang='lat' dir='ltr'>inde</span> <span class='ocrx_word' id='word_1_146' title='bbox 1183 3199 1857 3282; x_wconf 87' lang='lat' dir='ltr'>glanduloso-serrata.</span> <span class='ocrx_word' id='word_1_147' title='bbox 1905 3200 2253 3266; x_wconf 89' lang='lat' dir='ltr'>Pedunculi</span> <span class='ocrx_word' id='word_1_148' title='bbox 2300 3202 2527 3267; x_wconf 89' lang='lat' dir='ltr'>breves</span> <span class='ocrx_word' id='word_1_149' title='bbox 2574 3201 2677 3265; x_wconf 90' lang='lat' dir='ltr'>vel</span> 
     </span>
     <span class='ocr_line' id='line_1_23' title="bbox 811 3311 2677 3397; baseline 0.002 -22"><span class='ocrx_word' id='word_1_150' title='bbox 811 3311 1208 3396; x_wconf 87' lang='lat' dir='ltr'>longitudine</span> <span class='ocrx_word' id='word_1_151' title='bbox 1256 3313 1612 3379; x_wconf 89' lang='lat' dir='ltr'>mediocres</span> <span class='ocrx_word' id='word_1_152' title='bbox 1660 3313 1954 3397; x_wconf 49' lang='lat' dir='ltr'>(fi—8⁰²⁸*</span> <span class='ocrx_word' id='word_1_153' title='bbox 2003 3313 2223 3396; x_wconf 89' lang='lat' dir='ltr'>longi),</span> <span class='ocrx_word' id='word_1_154' title='bbox 2273 3314 2509 3380; x_wconf 88' lang='lat' dir='ltr'>laeves.</span> <span class='ocrx_word' id='word_1_155' title='bbox 2557 3315 2677 3379; x_wconf 90' lang='lat' dir='ltr'>Re-</span> 
     </span>
     <span class='ocr_line' id='line_1_24' title="bbox 812 3426 2676 3511; baseline 0.001 -20"><span class='ocrx_word' id='word_1_156' title='bbox 812 3426 1141 3510; x_wconf 89' lang='lat' dir='ltr'>ceptacula</span> <span class='ocrx_word' id='word_1_157' title='bbox 1188 3426 1462 3492; x_wconf 87' lang='lat' dir='ltr'>breviter</span> <span class='ocrx_word' id='word_1_158' title='bbox 1508 3426 2208 3511; x_wconf 89' lang='lat' dir='ltr'>ovoideo-ellipsoidea,</span> <span class='ocrx_word' id='word_1_159' title='bbox 2255 3426 2492 3493; x_wconf 87' lang='lat' dir='ltr'>laevia.</span> <span class='ocrx_word' id='word_1_160' title='bbox 2564 3426 2676 3492; x_wconf 85' lang='lat' dir='ltr'>Se-</span> 
     </span>
     <span class='ocr_line' id='line_1_25' title="bbox 811 3537 2676 3624; baseline -0.001 -20"><span class='ocrx_word' id='word_1_161' title='bbox 811 3539 962 3623; x_wconf 89' lang='lat' dir='ltr'>pala</span> <span class='ocrx_word' id='word_1_162' title='bbox 993 3538 1116 3604; x_wconf 90' lang='lat' dir='ltr'>duo</span> <span class='ocrx_word' id='word_1_163' title='bbox 1147 3539 1418 3623; x_wconf 88' lang='lat' dir='ltr'>integra,</span> <span class='ocrx_word' id='word_1_164' title='bbox 1468 3541 1589 3603; x_wconf 91' lang='lat' dir='ltr'>tria</span> <span class='ocrx_word' id='word_1_165' title='bbox 1622 3538 2018 3624; x_wconf 89' lang='lat' dir='ltr'>pinnatifida,</span> <span class='ocrx_word' id='word_1_166' title='bbox 2051 3539 2331 3623; x_wconf 88' lang='lat' dir='ltr'>pinnulis</span> <span class='ocrx_word' id='word_1_167' title='bbox 2364 3537 2676 3621; x_wconf 86' lang='lat' dir='ltr'>angustis,</span> 
     </span>
     <span class='ocr_line' id='line_1_26' title="bbox 815 3651 2678 3737; baseline -0.001 -20"><span class='ocrx_word' id='word_1_168' title='bbox 815 3671 1034 3736; x_wconf 86' lang='lat' dir='ltr'>parum</span> <span class='ocrx_word' id='word_1_169' title='bbox 1081 3651 1495 3736; x_wconf 87' lang='lat' dir='ltr'>glandulosa,</span> <span class='ocrx_word' id='word_1_170' title='bbox 1559 3660 1704 3737; x_wconf 90' lang='lat' dir='ltr'>post</span> <span class='ocrx_word' id='word_1_171' title='bbox 1748 3652 2044 3718; x_wconf 89' lang='lat' dir='ltr'>anthesin</span> <span class='ocrx_word' id='word_1_172' title='bbox 2091 3652 2359 3734; x_wconf 83' lang='lat' dir='ltr'>reflexa,</span> <span class='ocrx_word' id='word_1_173' title='bbox 2423 3653 2678 3718; x_wconf 90' lang='lat' dir='ltr'>demum</span> 
     </span>
     <span class='ocr_line' id='line_1_27' title="bbox 814 3765 2674 3849; baseline 0 -18"><span class='ocrx_word' id='word_1_174' title='bbox 814 3771 877 3831; x_wconf 92' lang='lat' dir='ltr'>et</span> <span class='ocrx_word' id='word_1_175' title='bbox 936 3771 1084 3831; x_wconf 92' lang='lat' dir='ltr'>ante</span> <span class='ocrx_word' id='word_1_176' title='bbox 1145 3765 1384 3833; x_wconf 86' lang='lat' dir='ltr'>fructus</span> <span class='ocrx_word' id='word_1_177' title='bbox 1446 3766 1871 3831; x_wconf 88' lang='lat' dir='ltr'>maturitatem</span> <span class='ocrx_word' id='word_1_178' title='bbox 1936 3766 2240 3849; x_wconf 89' lang='lat' dir='ltr'>decidua,</span> <span class='ocrx_word' id='word_1_179' title='bbox 2303 3765 2674 3831; x_wconf 88' lang='lat' dir='ltr'>rubicunda.</span> 
     </span>
     <span class='ocr_line' id='line_1_28' title="bbox 811 3879 2678 3964; baseline -0.001 -21"><span class='ocrx_word' id='word_1_180' title='bbox 811 3879 1044 3945; x_wconf 90' lang='lat' dir='ltr'>Discus</span> <span class='ocrx_word' id='word_1_181' title='bbox 1106 3879 1539 3964; x_wconf 86' lang='lat' dir='ltr'>planiusculus</span> <span class='ocrx_word' id='word_1_182' title='bbox 1603 3885 2097 3964; x_wconf 86' lang='lat' dir='ltr'>atropurpureus</span> <span class='ocrx_word' id='word_1_183' title='bbox 2162 3898 2435 3963; x_wconf 87' lang='lat' dir='ltr'>superne</span> <span class='ocrx_word' id='word_1_184' title='bbox 2488 3879 2678 3943; x_wconf 90' lang='lat' dir='ltr'>anulo</span> 
     </span>
     <span class='ocr_line' id='line_1_29' title="bbox 811 3991 2680 4077; baseline 0 -22"><span class='ocrx_word' id='word_1_185' title='bbox 811 3991 1196 4058; x_wconf 89' lang='lat' dir='ltr'>flavescente</span> <span class='ocrx_word' id='word_1_186' title='bbox 1243 3994 1505 4059; x_wconf 89' lang='lat' dir='ltr'>cinctus.</span> <span class='ocrx_word' id='word_1_187' title='bbox 1596 3993 1759 4077; x_wconf 84' lang='lat' dir='ltr'>Styli</span> <span class='ocrx_word' id='word_1_188' title='bbox 1827 3994 1945 4058; x_wconf 90' lang='lat' dir='ltr'>sub</span> <span class='ocrx_word' id='word_1_189' title='bbox 1993 3992 2171 4058; x_wconf 89' lang='lat' dir='ltr'>disco</span> <span class='ocrx_word' id='word_1_190' title='bbox 2217 3993 2406 4058; x_wconf 92' lang='lat' dir='ltr'>valde</span> <span class='ocrx_word' id='word_1_191' title='bbox 2455 3992 2680 4075; x_wconf 89' lang='lat' dir='ltr'>promi·</span> 
     </span>
     <span class='ocr_line' id='line_1_30' title="bbox 815 4104 2684 4190; baseline -0.001 -19"><span class='ocrx_word' id='word_1_192' title='bbox 815 4112 1058 4189; x_wconf 90' lang='lat' dir='ltr'>nentes,</span> <span class='ocrx_word' id='word_1_193' title='bbox 1110 4107 1349 4172; x_wconf 84' lang='lat' dir='ltr'>hirsuti.</span> <span class='ocrx_word' id='word_1_194' title='bbox 1414 4107 1846 4190; x_wconf 85' lang='lat' dir='ltr'>Receptacula</span> <span class='ocrx_word' id='word_1_195' title='bbox 1895 4106 2221 4172; x_wconf 84' lang='lat' dir='ltr'>fructifera</span> <span class='ocrx_word' id='word_1_196' title='bbox 2266 4104 2537 4172; x_wconf 91' lang='lat' dir='ltr'>ovoidea</span> <span class='ocrx_word' id='word_1_197' title='bbox 2583 4105 2684 4169; x_wconf 91' lang='lat' dir='ltr'>vel</span> 
     </span>
     <span class='ocr_line' id='line_1_31' title="bbox 815 4220 2678 4305; baseline -0.001 -18"><span class='ocrx_word' id='word_1_198' title='bbox 815 4220 1510 4305; x_wconf 86' lang='lat' dir='ltr'>ovoideo-ellipsoidea.</span> <span class='ocrx_word' id='word_1_199' title='bbox 1561 4220 1786 4286; x_wconf 87' lang='lat' dir='ltr'>Petala</span> <span class='ocrx_word' id='word_1_200' title='bbox 1832 4220 2069 4305; x_wconf 91' lang='lat' dir='ltr'>pallide</span> <span class='ocrx_word' id='word_1_201' title='bbox 2114 4239 2318 4287; x_wconf 88' lang='lat' dir='ltr'>rosea.</span> <span class='ocrx_word' id='word_1_202' title='bbox 2375 4220 2678 4303; x_wconf 89' lang='lat' dir='ltr'>Recepta-</span> 
     </span>
     <span class='ocr_line' id='line_1_32' title="bbox 816 4333 2682 4417; baseline -0.002 -17"><span class='ocrx_word' id='word_1_203' title='bbox 816 4335 957 4400; x_wconf 86' lang='lat' dir='ltr'>cula</span> <span class='ocrx_word' id='word_1_204' title='bbox 997 4333 1320 4400; x_wconf 77' lang='lat' dir='ltr'>tructifera</span> <span class='ocrx_word' id='word_1_205' title='bbox 1351 4333 1628 4400; x_wconf 83' lang='lat' dir='ltr'>breviter</span> <span class='ocrx_word' id='word_1_206' title='bbox 1661 4334 1951 4415; x_wconf 84' lang='lat' dir='ltr'>ovoidea,</span> <span class='ocrx_word' id='word_1_207' title='bbox 1999 4333 2374 4417; x_wconf 89' lang='lat' dir='ltr'>sanguinea.</span> <span class='ocrx_word' id='word_1_208' title='bbox 2409 4333 2682 4398; x_wconf 87' lang='lat' dir='ltr'>Formae</span> 
     </span>
     <span class='ocr_line' id='line_1_33' title="bbox 818 4433 2684 4532; baseline -0.001 -20"><span class='ocrx_word' id='word_1_209' title='bbox 818 4446 1274 4532; x_wconf 87' lang='lat' dir='ltr'>microphyllae</span> <span class='ocrx_word' id='word_1_210' title='bbox 1323 4433 1605 4532; x_wconf 54' lang='lat' dir='ltr'>e¹grege</span> <span class='ocrx_word' id='word_1_211' title='bbox 1651 4449 1865 4514; x_wconf 88' lang='lat' dir='ltr'>Rosae</span> <span class='ocrx_word' id='word_1_212' title='bbox 1899 4448 2152 4532; x_wconf 86' lang='lat' dir='ltr'>spuriae</span> <span class='ocrx_word' id='word_1_213' title='bbox 2201 4448 2406 4532; x_wconf 92' lang='lat' dir='ltr'>Puget</span> <span class='ocrx_word' id='word_1_214' title='bbox 2451 4447 2684 4514; x_wconf 89' lang='lat' dir='ltr'>sistunt</span> 
     </span>
    </p>
   </div>
  </div>
 </body>
</html>
