3332 5241
681 471 765 534 32
1118 453 1125 460 ’
1344 486 1521 533 BECK
1567 488 1651 532 ET
1699 486 2225 533 SZYszraowlcz.

680 676 1023 762 descriptio
1092 663 1347 761 proprie
1397 676 1561 742 bene
1627 677 1900 758 quadrat
1953 676 2017 742 in
2058 677 2610 759 montenegrinam
2659 677 2965 761 plantam,

634 792 885 858 ‚solum
948 789 1299 874 peristomii
1365 789 1592 855 dentes
1655 795 1725 853 ut
1766 789 2014 855 modice
2076 789 2313 874 pallide
2375 788 2965 871 rubro-aurantiaci,
3056 782 3063 789 ’

680 904 869 970 valde
929 905 1107 969 leves
1169 904 1232 967 in
1295 903 1652 968 altitudinis
1703 903 1949 968 duobus
1997 903 2355 980 trientibus,
2406 902 2812 967 mediocriter
2856 922 2963 986 pa-

680 1017 921 1111 pillosi·
957 1016 1019 1081 in
1072 1036 1367 1099 supremo
1430 1016 1657 1081 triente
1720 1017 2097 1081 indicantur.
2214 1017 2345 1081 Sub
2393 1016 2512 1080 hoc
2559 1016 2698 1098 visu
2742 1016 2964 1079 PHILI-

679 1145 919 1195 BERTu'
948 1129 1292 1214 descriptio
1353 1150 1494 1193 cum
1541 1136 1761 1215 planta
1823 1129 2196 1213 Hungariae
2260 1128 2612 1213 superioris
2652 1128 2962 1210 congruit,

684 1245 887 1311 donec
947 1244 1432 1326 montenegrina
1482 1244 1747 1309 obscure
1804 1243 2415 1309 brunneolo-rubris
2470 1247 2535 1308 et
2593 1243 2963 1327 plerumque

679 1357 960 1440 graviter
1006 1356 1338 1441 papillosis
1380 1355 1735 1439 peristomii
1783 1355 2080 1421 dentibus
2127 1355 2382 1438 gaudet.

885 1471 1065 1535 Haec
1132 1469 1451 1535 aberratio
1519 1471 1586 1543 in
1654 1469 2023 1553 peristomio
2095 1475 2159 1533 et
2202 1469 2494 1533 foliorum
2565 1467 2961 1551 longioribus

682 1582 1050 1667 cuspidibus
1112 1602 1310 1649 causa
1369 1589 1468 1648 est
1529 1582 2076 1666 montenegrinam
2141 1582 2421 1666 plantam
2486 1602 2598 1665 pro
2654 1579 2961 1665 peculiari

679 1697 1009 1762 declarare
1057 1678 1382 1762 varietate.

676 1904 1139 1976 Racomitrium
1185 1924 1533 1975 canesoens
1583 1903 1938 1994 (Hedwig.)
1990 1903 2220 1988 Bridel‚
2256 1903 2469 1987 Bryol.
2502 1901 2693 1984 univ„
2726 1903 2775 1966 Ι.
2809 1919 2958 1985 pag.

1091 2019 1236 2083 208.
1287 2017 1566 2102 Schimp.
1616 2017 1891 2102 Synops.
1939 2017 2057 2083 Ed.
2104 2017 2183 2081 ΙΙ.
2231 2037 2377 2101 pag.
2426 2016 2573 2080 281.

662 2209 881 2280 forma
926 2208 1240 2300 epilosum
1290 2208 1584 2291 Breidler
1629 2230 1772 2274 nov.
1819 2209 1998 2275 form.

883 2366 985 2437 Ad
1031 2372 1264 2431 terram
1312 2365 1539 2430 summi
1585 2365 1819 2431 montis
1866 2366 2067 2429 MALY
2111 2346 2402 2429 MAcmo.
2513 2434 2524 2444 ,

1389 2625 2237 2709 ORTHOTRICHEAE.

681 2802 1156 2880 Orthotriohum
1219 2800 1581 2871 anomalum
1641 2799 1950 2890 Hedwig,
2012 2801 2234 2865 Descr.
2293 2805 2357 2865 et
2419 2799 2705 2864 adumbr.
2754 2799 2954 2864 Musc.

1089 2915 1294 2979 frond.
1341 2916 1422 2998 II,
1471 2935 1618 3000 pag.
1672 2916 1813 2998 102,
1848 2914 2009 2979 Tab.
2043 2915 2125 2978 37
2148 2938 2163 2997 3
2199 2912 2477 2996 Schimp.
2513 2913 2789 2995 Synops.
2834 2911 2953 2975 Ed.

1088 3029 1191 3112 IL,
1238 3049 1383 3111 pag.
1431 3030 1576 3095 308.
2140 3055 2146 3062 ·

882 3185 984 3250 Ad
1029 3190 1262 3250 terram
1311 3185 1481 3250 circa
1525 3185 1797 3250 Mamm.

678 3375 1156 3447 Orthotrichum
1231 3375 1652 3446 stramineum
1720 3374 2033 3482 Hornsch.
2109 3375 2175 3439 in
2254 3374 2422 3438 Brid.
2495 3375 2710 3457 Bryol.
2784 3372 2949 3437 univ.
3049 3355 3054 3356 ἢ

1089 3489 1367 3574 Schimp.
1417 3490 1657 3575 Synop.
1704 3489 1823 3553 Ed.
1875 3489 1955 3567 ΙΙ,
2003 3509 2151 3574 pag.
2200 3490 2346 3554 325.

878 3647 979 3710 Ad
1027 3653 1281 3712 truncos
1326 3648 1498 3729 Fayi
1542 3647 1605 3711 in
1655 3646 1910 3729 pascuis
1975 3627 2209 3730 alpinis
2260 3646 2527 3709 LIVADY
2574 3643 2690 3709 sub
2738 3647 2951 3708 monte

1084 3760 1247 3825 ΚΟΜ
1294 3761 1536 3826 ΚυοΚι.

680 3951 1158 4022 Orthotrichum
1189 3949 1580 4038 leiocarpum
1611 3950 1716 4020 ΒΓ.
1752 3954 1817 4020 et
1864 3945 2140 4040 Schimp.
2175 3950 2386 4033 Bryol.
2422 3969 2635 4033 europ.
2671 3948 2950 4031 Schimp.

1089 4065 1363 4150 SynopS.
1411 4063 1530 4129 Ed.
1578 4065 1659 4145 ΙΙ,
1709 4084 1857 4147 pag.
1905 4065 2053 4129 337.

878 4222 980 4286 Ad
1018 4222 1291 4303 cortices
1337 4221 1633 4285 arborum
1679 4221 1745 4285 in
1793 4219 2123 4286 cacumine
2168 4219 2460 4284 KUNORA
2517 4217 2751 4283 montis
2791 4218 2950 4283 HUM

1090 4335 1512 4401 ORAHovsm.
1961 4327 1964 4330 ’
