3332 5241
996 470 999 473 ·
1076 473 1416 525 ,PLAN'I'AE
1460 473 2104 521 MONTENEGRINEAE.
2667 459 2748 522 91

883 665 1181 748 gentibus
1243 664 1657 749 acuminatis,
1726 666 2156 733 rubescentes.
2246 665 2498 733 Foliola
2557 667 2751 750 quina

882 778 984 843 vel
1054 784 1353 862 septena,
1427 778 1801 863 plerumque
1851 780 2170 863 septena,
2236 779 2582 846 mediocria
2647 780 2751 845 vel

886 911 1114 975 parva,
1160 892 1442 976 elliptica
1483 893 1585 957 vel
1637 898 1825 957 ovato
1873 892 2187 977 elliptica,
2237 893 2528 976 utrinque
2573 894 2747 960 vina-

886 1025 1001 1072 cea
1060 1007 1168 1072 vel⁴
1221 1006 2070 1091 violaceo-purpurescentia
2131 1013 2193 1072 et
2253 1007 2748 1091 glaucescentia,

884 1119 1305 1203 glaberrima,
1366 1119 1433 1183 in
1487 1121 1777 1204 margine
1826 1119 2157 1203 superiora
2204 1121 2609 1206 simpliciter,
2658 1122 2749 1185 in-

884 1233 1031 1297 fima
1071 1232 1918 1316 glanduloso-irregulariter
1964 1239 2225 1318 serrata,
2276 1234 2567 1299 lateralia
2614 1235 2751 1300 bre-

880 1347 1043 1413 viter
1088 1346 1482 1430 petiolulata.
1552 1347 1862 1411 Bracteae
1909 1342 2463 1432 purpurascenteS,
2513 1347 2749 1430 pedun-

884 1460 1058 1526 culos
1105 1466 1515 1543 superantes,
1580 1458 1923 1542 dilatatae,
1973 1479 2167 1544 saepe
2215 1459 2543 1527 foliaceae.
2633 1462 2747 1527 Pe·

885 1573 1138 1638 dunculi
1215 1574 1254 1637 9
1323 1578 1467 1636 mm.
1545 1574 1754 1655 longi,
1843 1573 1998 1638 setis
2066 1574 2507 1656 glandulifcris
2580 1576 2748 1639 tecti.

883 1686 1309 1770 Receptacula
1386 1683 1689 1767 ovoidea,
1763 1686 2144 1769 mediocria,
2215 1694 2749 1773 atro-purpurea,

881 1802 1106 1865 laevia.
1201 1800 1437 1884 Sepala
1483 1800 1769 1883 integra,
1837 1820 2029 1865 unum
2079 1801 2425 1866 alterumve
2474 1802 2751 1885 pinnulis

883 1915 1200 1997 brevibuS,
1238 1913 1528 1996 margine
1562 1921 1940 1996 tomentosa,
1976 1914 2415 1996 eglandulosa,
2464 1915 2566 1980 vel
2603 1914 2752 1980 hinc

887 2028 1036 2092 inde
1099 2028 1309 2093 'rarius
1381 2029 1443 2091 in
1511 2027 1698 2092 dorso
1760 2027 2144 2110 glandulosa
2211 2038 2273 2093 et
2331 2029 2396 2092 in
2463 2029 2751 2111 margine

883 2140 1205 2226 glandulis
1253 2141 1554 2206 brevibus
1589 2141 1851 2217 munita,
1899 2161 2174 2225 superne
2220 2142 2562 2224 filiformia,
2609 2149 2753 2226 post

884 2254 1178 2321 anthesin
1230 2261 1442 2320 erecta
1500 2261 1564 2319 et
1610 2255 2079 2338 receptaculum
2125 2254 2528 2320 immaturum
2575 2274 2750 2321 coro-

885 2369 1136 2450 nantia,
1194 2369 1448 2433 demum
1496 2369 1788 2434 decidua.
1840 2369 2071 2434 Discus
2122 2368 2491 2451 subplanus.
2586 2368 2750 2452 Styli

881 2483 1274 2548 albo-lanati.
1367 2483 1592 2547 Petala
1674 2482 1937 2567 pulchre
2025 2502 2231 2547 rosea.
2322 2481 2753 2565 Receptacula

858 2595 1205 2668 fructifera
1274 2594 1544 2668 ovoidea
1612 2596 1714 2661 vel
1785 2595 2403 2680 ovoideo·globosa.
2517 2595 2751 2661 Forma

882 2732 917 2777 e
980 2711 1206 2794 gregia
1268 2710 1479 2775 Rosae
1531 2713 1932 2797 serruyincae
2002 2737 2058 2792 γ.
2123 2711 2503 2776 carniolicae
2558 2710 2615 2775 J.
2675 2710 2747 2774 Β.

883 2824 1100 2890 Keller
1159 2824 1220 2887 in
1268 2823 1551 2906 Halacsy
1611 2831 1675 2887 et
1734 2824 1945 2887 Braun
1981 2823 2347 2905 Nachtrage
2398 2842 2506 2887 zur
2561 2823 2752 2888 Flora

882 2958 1006 3003 von
1053 2936 1681 3001 Nicderoesterreich
1716 2956 1863 3020 pag.
1912 2938 2037 3001 223
2076 2936 2297 3021 (1882)
2348 2936 2591 3013 similis,
2635 2934 2749 3000 scd

882 3050 1262 3132 glandulose
1350 3050 1610 3114 serratis
1689 3049 1924 3115 foliolis
2010 3048 2446 3127 inferioribus,
2534 3049 2750 3116 densis

880 3163 1084 3229 rectis⁴
1144 3171 1208 3228 et
1276 3162 1830 3228 subsetiformibus
1917 3163 2158 3227 aculeis
2247 3162 2440 3226 ullam
2515 3163 2749 3227 Rosam

883 3298 917 3343 e
981 3296 1180 3360 grege
1247 3277 1459 3341 Rosae
1528 3274 2079 3359 pimpinellifoliae
2148 3277 2216 3339 L.
2284 3276 2749 3358 revocantibus,

883 3387 1170 3455 ovoideis
1218 3388 1658 3472 receptaculiS,
1705 3391 2132 3472 compactiore
2165 3388 2384 3453 habitu
2432 3395 2495 3453 ct
2539 3387 2749 3452 fructi-

881 3503 1153 3568 ferorum
1219 3503 1761 3584 receptaculorum
1810 3502 2043 3585 forma,
2117 3503 2483 3586 sepalorum
2545 3501 2749 3567 dorsis

882 3616 1111 3699 partim
1157 3615 1556 3698 glandulosis
1602 3615 1918 3681 notabilis

584 3755 585 3758 ’
674 3739 746 3803 In
788 3724 1150 3822 praeruptis
1197 3738 1451 3802 saxosis
1499 3737 1731 3803 montis
1777 3738 2125 3803 Dzmnnzs
2173 3738 2364 3825 (VII).

882 3911 952 3977 C.
1044 3912 1210 3978 Sect.
1281 3911 1567 3977 Caninae
1631 3913 1763 3978 DC.
1827 3913 1893 3977 in
1957 3913 2262 3997 seringe,
2334 3912 2492 3977 Mus.
2568 3911 2748 3976 Helv.

1093 4026 1338 4112 (1818),
1396 4027 1445 4110 Ι,
1493 4022 1640 4111 pag.
1690 4028 1747 4091 3.

883 4186 940 4230 a.
1035 4165 1370 4231 Subsectio
1415 4166 1643 4232 Nudae
1685 4166 2026 4248 Deseglise
2076 4165 2279 4230 differ.
2330 4171 2476 4231 met.
2524 4184 2752 4249 propo·

1093 4278 1207 4343 sed
1256 4278 1353 4344 for
1409 4278 1513 4343 the
1561 4279 1748 4345 class.
1800 4280 1872 4345 of
1908 4279 2015 4345 the
2063 4299 2234 4363 spec.
2285 4278 2358 4344 of
2396 4278 2502 4344 the
2547 4297 2752 4362 genus

1094 4392 1265 4458 Rosa
1310 4393 1375 4455 in
1411 4391 1517 4456 the
1547 4392 1900 4457 Naturalist
1942 4392 2050 4458 Nr.
2086 4393 2188 4475 20,
2237 4413 2296 4476 p.
2330 4392 2453 4456 311
2506 4391 2751 4479 (1864).
