3332 5241
983 493 1292 540 PLANTAE
1338 490 1939 538 MONTENEGMNAE.
2496 471 2621 535 115

751 689 947 765 quoad
995 688 1069 747 ad
1120 687 1383 748 habitum
1446 688 1736 764 pertinet,
1792 689 2174 746 TRA'r'rmlcss
2220 681 2449 746 Rosam
2492 686 2620 760 yla-

753 796 1005 853 tinosam
1052 791 1239 852 Sibth.
1289 797 1346 850 et
1394 792 1512 852 Sm.
1563 796 1622 849 et
1670 809 1841 850 suam
1891 794 1963 852 R.
2012 790 2265 852 siculam
2312 809 2439 850 cum
2486 808 2620 867 pro·

750 900 881 975 pria
925 900 994 957 R.
1044 897 1451 956 HEOKENIANA
1499 897 1747 957 confert.
1807 897 1999 956 Etiam
2051 898 2303 957 seriores
2350 901 2621 956 auctores

747 1005 833 1063 uti
881 1002 1184 1078 Gussonu,
1232 1003 1520 1061 Boissnffl
1565 1007 1676 1061 etc.
1725 1003 1834 1061 has
1878 1003 2151 1062 laudatas
2185 1001 2416 1078 species
2467 1020 2619 1060 com-

750 1114 982 1185 parant.
1074 1107 1306 1182 Ubique
1369 1107 1782 1182 glandularum
1849 1108 2113 1167 defectus
2175 1109 2234 1165 in
2284 1106 2619 1166 foliolorum

752 1215 970 1289 pagina
1017 1212 1315 1282 inferiore,
1365 1231 1437 1272 ex
1468 1218 1634 1286 parte
1666 1214 1843 1280 etiam
1877 1213 2192 1303 pedupculi
2238 1212 2615 1286 eglandulosi

747 1324 806 1378 et
866 1317 1122 1377 aculeati
1184 1318 1600 1393 respiciuntur.
1693 1312 1911 1397 Rosaeh
1958 1313 2360 1376 Heckelianae
2426 1318 2617 1376 Tratt.

752 1439 1065 1481 numerosa
1099 1422 1444 1497 specimina,
1494 1439 1644 1497 quae
1693 1422 1834 1480 mihi
1885 1441 1915 1481 e
1964 1423 2185 1504 Sicilia,
2237 1421 2512 1480 Calabria
2558 1427 2619 1480 et

751 1526 1004 1586 Graecia
1051 1532 1289 1602 praesto
1338 1532 1547 1604 erant,
1610 1528 1668 1585 in
1734 1527 2000 1586 omnibus
2066 1526 2333 1602 partibus
2380 1526 2617 1586 omnino

745 1631 1008 1706 graviter
1054 1649 1286 1708 semper
1332 1637 1529 1689 tamen
1576 1631 1689 1690 hae
1738 1637 1796 1697 et
1843 1649 1877 1689 a
1925 1631 1999 1689 R.
2049 1632 2273 1691 siculae
2319 1631 2511 1689 Tratt.
2561 1635 2620 1690 et

747 1732 827 1796 R.
876 1736 1201 1809 Seraphim·
1246 1736 1376 1794 Viv.
1427 1741 1485 1794 et
1546 1755 1582 1794 a
1629 1737 1825 1795 Rosae
1875 1734 2214 1810 ybutiozosae
2260 1734 2464 1795 formis
2512 1753 2614 1794 nu—

747 1841 994 1900 merosis
1042 1859 1258 1915 magna
1312 1842 1630 1900 securitate
1680 1840 1965 1915 distingui
2015 1846 2282 1916 possunt.
2375 1839 2617 1915 Species

750 1945 1075 2021 originaria
1115 1964 1146 2004 e
1183 1963 1356 2004 manu
1390 1945 1692 2004 anKELn
1713 1942 2059 2005 'foliolorum
2094 1945 2617 2020 eglandulosorum

664 2042 667 2043 ⁷
749 2050 992 2110 densam
1042 2051 1515 2126 pubescentiam,
1565 2055 1922 2109 serraturam
1971 2049 2614 2126 duplicato-glandulo-

751 2173 895 2231 sam,
944 2154 1308 2230 pedunculos
1357 2154 1538 2213 dense
1570 2155 1813 2232 pilosos,
1858 2154 2299 2230 eglandiilOSOS‚
2349 2159 2613 2230 recepta-

749 2249 881 2319 cula
930 2259 1233 2318 fructifera
1279 2278 1496 2335 parva,
1558 2261 1847 2335 globosa,
1903 2260 2046 2320 setis
2094 2261 2329 2319 obtecta
2376 2265 2435 2318 et
2481 2277 2614 2318 acu-

747 2364 1063 2424 leationem
1120 2365 1448 2439 simplicem
1513 2370 1571 2423 et
1625 2370 1719 2423 sat
1774 2366 2075 2424 robustam
2126 2364 2370 2423 densam
2420 2381 2607 2438 usque

749 2467 1163 2527 verticillatam
1225 2448 1575 2542 ostendunt,
1637 2469 1695 2526 in
1759 2470 1938 2526 ramis
2002 2473 2061 2527 et
2120 2469 2362 2526 ramulis
2416 2463 2619 2528 Rosae

742 2571 1078 2648 ylutinosae
1140 2556 1327 2633 Silbh.
1375 2578 1435 2633 et
1477 2573 1593 2633 Sm.
1643 2578 1838 2634 autem
1886 2576 1973 2634 sic
2020 2574 2354 2649 singulares
2401 2573 2612 2633 aciculi

746 2671 1024 2753 rectaque
1070 2684 1200 2737 seta
1246 2678 1479 2738 desunt.
1528 2679 1593 2737 In
1642 2680 1914 2738 omnibus
1964 2698 2100 2738 vero
2150 2679 2506 2755 specimibus
2556 2682 2615 2737 et

664 2783 671 2788 ’
745 2784 942 2843 Rosae
981 2783 1318 2856 qlutinosae
1381 2783 1549 2843 Sibth
1613 2789 1674 2842 et
1730 2784 1845 2843 Sm.
1895 2788 1954 2843 et
2002 2785 2075 2843 R.
2124 2784 2347 2843 siculae
2392 2784 2609 2842 Tratti-

744 2887 881 2945 nick
928 2886 1203 2945 foliorum
1252 2889 1475 2962 pagina
1520 2886 1766 2947 inferior
1814 2887 1993 2946 dense
2027 2888 2328 2962 glandulis
2375 2906 2611 2945 aroma-

745 2992 977 3049 maticis
1040 2993 1274 3050 obtecta
1335 3001 1458 3069 est,
1533 2993 1690 3067 apud
1755 2993 2012 3067 priorem
2072 2993 2251 3051 etiam
2325 2993 2612 3068 superior.

745 3095 933 3169 Igitur
979 3097 1157 3155 etiam
1202 3090 1405 3155 Rosae
1434 3090 1845 3156 Heckelianac
1876 3096 2213 3155 Trattinick
2245 3097 2612 3156 variationes

746 3200 938 3259 minus
988 3200 1170 3260 dense
1231 3200 1438 3276 pilosis
1483 3201 1644 3260 foliis
1709 3208 1766 3260 et
1827 3200 2052 3275 glabris
2100 3200 2449 3277 pedunculis
2485 3201 2611 3277 jam

690 3305 852 3363 'hac
916 3311 1056 3364 nota
1127 3306 1202 3364 ab
1265 3305 1453 3364 ambis
1516 3324 1697 3381 supra
1747 3305 2017 3364 tractatis
2081 3304 2390 3380 speciebus
2437 3305 2613 3365 facile
2715 3385 2718 3388 ἢ

744 3408 974 3484 sejungi
1024 3415 1286 3486 possunt.
1355 3409 1471 3469 Sed
1518 3410 1694 3468 etiam
1745 3429 1779 3467 a
1827 3411 1992 3468 Rosa
2039 3411 2231 3469 sicula
2278 3409 2613 3469 Trattinick

746 3518 805 3572 et
849 3511 926 3571 R.
978 3509 1305 3588 Seraphim
1368 3514 1606 3573 Viviani
1670 3532 1813 3588 quas
1877 3516 2082 3574 ambas
2129 3516 2320 3573 Rosas
2368 3515 2452 3572 uti
2497 3513 2612 3573 for-

743 3638 867 3678 mas
915 3623 1223 3694 separatas
1262 3618 1590 3693 considero,
1648 3620 1814 3677 Rosa
1861 3620 2229 3678 Heckeliana
2274 3618 2611 3678 Trattinick

746 3723 922 3783 facile
970 3728 1029 3781 et
1075 3723 1315 3797 insuper
1360 3723 1582 3781 aculeis
1631 3724 1788 3781 haud
1836 3724 1921 3782 ita
1969 3724 2227 3782 robustis
2273 3724 2613 3801 geminatiS,

745 3828 992 3887 aduncis
1055 3832 1117 3885 et
1176 3828 1567 3901 receptaculis
1638 3828 1887 3903 setosis,
1958 3833 2194 3904 praeter
2261 3846 2332 3887 ea
2393 3827 2614 3887 foliolis

739 3933 871 4007 plus
918 3934 1112 3990 minus
1174 3930 1382 4007 pilosis
1429 3932 1604 3990 facile
1669 3933 1856 4007 primo
1921 3932 2133 3989 intuito
2200 3932 2466 4007 separari
2511 3951 2610 4008 po-

738 4042 871 4096 test.
937 4032 1103 4097 Rosa
1156 4038 1519 4109 parnassz'ca
1577 4032 1862 4109 Sibthorp
1925 4050 2079 4109 quae
2130 4037 2237 4095 sub
2284 4017 2602 4095 Nr.'‘2681

742 4141 799 4198 in
871 4140 1149 4201 herbario
1221 4141 1409 4198 Musei
1478 4140 1734 4198 Palatini
1798 4139 2279 4199 Vindobonensis
2336 4127 2802 4216 ,prostrates-2:¹25·

743 4262 1116 4320 nequaquam
1166 4245 1356 4305 forma
1402 4245 1749 4303 transitoria
1795 4263 1832 4302 a
1878 4245 2042 4303 Rosa
2069 4245 2374 4319 ylutc'nosa
2421 4244 2609 4304 Sibth.

741 4354 800 4407 et
848 4349 1035 4409 Smith
1102 4349 1176 4407 ad
1224 4343 1454 4409 Rosam
1502 4345 1937 4407 Heckelianam
1984 4349 2210 4427 Tratt.,
2269 4354 2333 4406 ut
2380 4347 2609 4409 013er
