3332 5241
571 476 691 541 118
1265 492 1444 539 BECK
1490 493 1576 538 ET
1624 489 2151 538 szYszYmeZ.

980 690 1095 730 uno
1158 674 1451 747 alterove,
1514 672 1573 730 in
1635 670 1811 730 dorso
1859 669 2041 729 dense
2087 667 2387 743 glandulis
2448 666 2735 742 stipitatis
2793 672 2854 726 et

987 777 1125 853 pilis
1174 776 1451 837 brevibus
1499 776 1714 852 obsita,
1761 779 1898 851 post
1943 774 2219 833 anthesin
2266 775 2483 847 erecta,
2530 772 2849 847 persisten-

980 882 1082 941 tia.
1175 870 1327 958 Styli
1374 883 1604 961 breves.
1658 880 2028 941 albo-lanati.
2107 877 2317 939 Petala
2364 879 2610 954 pulchre
2656 895 2847 939 rosea.

986 987 1386 1063 Receptacula
1431 985 1785 1046 fructifera?

1157 1091 1404 1151 Habitat
1450 1092 1526 1150 ad
1573 1091 1866 1151 Crkovica
1924 1091 2089 1148 distr.
2156 1089 2397 1149 Cattaro
2440 1090 2499 1148 in
2546 1089 2851 1149 Dalmatia

979 1198 1080 1256 ubi
1127 1215 1248 1255 rev.
1297 1197 1450 1256 dom.
1484 1198 1702 1255 Hu'raa
1746 1197 2010 1271 plantam
2060 1195 2379 1255 notabilem
2427 1194 2852 1270 pulchramque

980 1303 1221 1362 detexit.
1286 1302 1458 1360 Prius
1503 1302 1709 1377 planta
1755 1300 1997 1359 fortuito
2057 1301 2293 1359 nomine
2341 1301 2535 1360 Rosae
2583 1299 2850 1359 recondi-

979 1413 1079 1465 tae
1126 1407 1315 1481 Puget
1362 1406 1676 1480 designata
1724 1411 1871 1464 erat.

769 1547 826 1604 b.
917 1546 1149 1605 Foliola
1195 1546 1546 1621 simpliciter
1590 1546 1685 1605 vel
1732 1544 2193 1620 subsimpliciter
2240 1549 2485 1603 serrata.

563 1730 731 1802 Rosa
796 1729 1194 1804 Heckeliana
1258 1730 1467 1801 Tratt.
1530 1730 1901 1820 subspecies
1966 1728 2409 1802 atrichoclada
2475 1728 2718 1801 Borbas
2787 1736 2847 1794 in

981 1843 1031 1901 A
1050 1857 1302 1916 magyar
1317 1841 1645 1900 birodalom
1663 1842 1858 1900 vadon
1877 1847 2063 1901 termo
2085 1841 2274 1900 rozsai
2295 1859 2432 1917 pag.
2451 1843 2577 1901 499
2600 1836 2660 1922 (1
2673 1835 2847 1922 880).

981 2033 1148 2092 Rami
1181 2033 1394 2108 glabri.
1427 2033 1640 2093 Petioli
1674 2034 1805 2109 plus
1847 2033 2040 2093 minus
2071 2028 2465 2111 eglandulosi,
2512 2034 2609 2091 vel
2640 2049 2849 2108 sparse

977 2138 1336 2212 glandulosi.
1385 2138 1623 2197 Foliola
1669 2155 1851 2213 supra
1899 2138 2036 2215 pilis
2083 2139 2335 2215 obtecta,
2383 2156 2563 2214 supra
2606 2137 2850 2214 villosa,

981 2243 1249 2318 margine
1295 2243 1702 2318 irregulariter
1749 2244 1840 2303 vel
1889 2243 2350 2324 subsimpliciter
2395 2247 2660 2321 serrata,
2724 2260 2844 2301 ser·

980 2352 1219 2407 raturae
1287 2347 1493 2407 dentes
1564 2348 1908 2424 plerumque
1979 2348 2371 2423 eglandulosi.
2484 2347 2846 2407 Foliolorum

979 2452 1169 2511 forma
1212 2457 1278 2513 ut
1322 2453 1382 2512 in
1413 2457 1576 2528 typo,
1625 2452 1948 2512 Pedunculi
1981 2453 2194 2532 glabri,
2242 2453 2386 2512 setis
2432 2450 2847 2527 glanduliferis

980 2557 1114 2633 plus
1160 2556 1352 2616 minus
1401 2557 1618 2618 obtecti
1664 2559 1758 2616 vel
1808 2558 2139 2618 sublaeves.
2216 2556 2434 2634 Sepala
2475 2556 2608 2634 plus
2652 2556 2844 2616 minus

979 2662 1349 2742 pinnatifida.
1441 2661 1712 2723 Ceterum
1774 2668 1839 2722 ut
1899 2664 1958 2722 in
2021 2663 2181 2723 Rosa
2232 2663 2609 2723 Heckeliana
2654 2663 2844 2721 Tratt.

978 2768 1198 2843 typica.
1268 2762 1519 2827 Habitat
1578 2769 1637 2827 in
1686 2768 1922 2844 pascuis
1969 2768 2143 2828 elatis
2191 2767 2411 2843 Saggio
2460 2767 2688 2843 Sibylla
2734 2766 2843 2826 Oa-

980 2870 1205 2931 labriae
1263 2873 1407 2947 (leg.
1455 2871 1517 2932 O.
1582 2877 1641 2932 ct
1685 2873 1738 2932 A
1806 2874 1964 2932 Huet
2004 2873 2078 2933 de
2126 2872 2427 2953 Pavillon)
2476 2878 2536 2933 et
2581 2872 2639 2932 in
2689 2890 2843 2931 sum-

982 2978 1092 3037 mis
1178 2978 1579 3038 cacuminibus
1648 2979 2059 3039 Madoniarum
2134 2980 2334 3038 Monte
2404 2979 2461 3037 S.
2533 2977 2844 3037 Salvatore

979 3084 1155 3143 Pizzo
1220 3083 1279 3142 di
1342 3085 1612 3144 Palermo
1672 3089 1731 3145 et
1794 3085 1971 3144 Pizzo
2039 3087 2319 3144 Antonna
2379 3084 2508 3146 solo
2571 3084 2842 3144 calcareo

980 3187 1120 3263 (leg.
1168 3190 1232 3248 P.
1281 3188 1524 3249 Gabriel
1572 3189 1812 3265 Strobl).

568 3389 735 3462 Rosa
779 3390 1180 3463 Beckeliana
1226 3391 1645 3463 Trattinnick
1690 3413 1824 3465 var.
1875 3392 2185 3464 Parnassi
2233 3392 2485 3480 (sibth)
2534 3400 2595 3458 in
2641 3397 2840 3458 sehed.

977 3503 1054 3561 R.
1105 3504 1469 3565 Heckeliana
1513 3501 1578 3584 f.
1628 3500 2141 3578 semilzaplodonta
2204 3504 2431 3563 Borbas
2479 3503 2539 3562 in
2583 3503 2640 3561 A
2687 3520 2840 3577 mag.

979 3608 1167 3667 birod.
1215 3608 1408 3667 vadon
1458 3614 1645 3668 termo
1695 3610 1887 3668 rozsai
1944 3628 2076 3684 pag.
2107 3611 2251 3668 ‹499
2300 3606 2548 3687 (1880).

975 3797 1143 3857 Rami
1194 3801 1480 3878 puberuli‚
1528 3783 1712 3861 dense
1759 3802 2052 3876 aculeati,
2099 3800 2359 3874 florigeri
2406 3801 2661 3859 inermes
2705 3799 2839 3858 sub-

977 3903 1321 3964 inermesve.
1413 3906 1645 3965 Foliola
1707 3906 2028 3966 mediocria
2093 3905 2188 3964 vel
2249 3904 2387 3964 hinc
2450 3903 2589 3963 inde
2634 3921 2839 3979 parva,

975 4010 1364 4088 orbicularia‚
1429 4029 1608 4087 supra
1672 4011 1853 4071 dense
1914 4012 2140 4088 pilosa,
2204 4011 2411 4070 subtus
2469 4009 2722 4085 villosa,
2783 4007 2840 4066 in

977 4114 1243 4189 margine
1289 4101 1768 4191 subsimpliciter¹
1795 4115 2293 4191 subeglandulose
2338 4118 2546 4191 argute
2592 4117 2838 4192 serrata.

976 4219 1375 4294 Receptacula
1432 4220 1784 4296 ellipsoidea
1844 4222 1986 4280 setis
2047 4220 2502 4279 flavescentibus
2547 4218 2840 4295 glanduli-

974 4324 1134 4398 geris
1183 4325 1435 4384 obtecta.
1488 4325 1807 4385 Pedunculi
1856 4328 2100 4403 breves,
2149 4327 2349 4385 setosi.
2398 4325 2620 4402 Sepala
2665 4324 2840 4383 valde

974 4428 1326 4505 pinnatifida
1371 4430 1633 4506 pinnulis
1675 4431 2049 4502 tomentosis‚
2110 4432 2167 4489 in
2217 4430 2393 4491 dorso
2444 4429 2627 4490 dense
2670 4428 2835 4506 glan·
