3332 5241
630 550 753 615 112
1323 565 1500 613 BECK
1548 564 1632 611 ET
1680 561 2205 623 SZYSZYLOWICZ.

832 757 907 824 In
932 759 1204 823 dumetis
1237 777 1502 822 aversus
1545 757 1739 821 RUPA
1768 751 2057 819 Koiisssa
2089 754 2206 820 sub
2240 760 2451 819 monte
2476 753 2652 819 VILA
2685 751 2907 836 (VIII).

714 950 915 1020 forma
959 949 1166 1020 minor
1209 947 1284 1018 H.
1332 947 1550 1019 Braun
1597 966 1738 1011 nov.
1789 946 1967 1010 form.

879 1094 1213 1144 M

1038 1165 1304 1231 Foliolis
1352 1184 1548 1248 supra
1587 1164 1795 1229 minus
1845 1163 2253 1247 glandulosis
2314 1168 2379 1227 et
2439 1162 2703 1227 ramulis
2752 1165 2908 1228 setis

1041 1278 1248 1344 minus
1294 1278 1495 1344 dense
1543 1277 1833 1343 obtectis,

833 1438 934 1503 Ad
980 1438 1186 1503 latera
1229 1437 1462 1502 montis
1512 1437 1852 1500 DZIEBEZE
1900 1432 2093 1522 (VII).

1041 1646 1213 1711 Inter
1256 1646 1467 1712 Rosae
1516 1645 1773 1729 generis
1820 1645 2070 1728 speeies
2116 1644 2471 1709 numerosis
2517 1643 2736 1708 formis
2770 1644 2907 1726 ejus

1038 1759 1315 1825 studium
1381 1759 1567 1825 nimis
1632 1757 1891 1823 difficile
1952 1757 2300 1822 formantes
2365 1763 2535 1823 Rosa
2578 1757 2905 1838 qlutinosa

1042 1873 1243 1940 Sibth.
1293 1878 1356 1938 et
1402 1874 1532 1941 Sm.
1582 1871 1966 1936 eminentem
2014 1876 2283 1954 occupat
2327 1869 2552 1935 locum.
2641 1869 2907 1953 Amplus

1041 1987 1504 2054 distributionis
1533 1986 1876 2069 districtuS‚
1895 1986 2114 2050 vari-ae
2133 1984 2558 2051 differentium
2590 1984 2907 2050 Zonarum

1041 2101 1438 2166 eonditiones
1500 2099 1617 2164 sub
1657 2100 1799 2165 visu
1862 2099 2207 2181 climatiae,
2271 2099 2498 2182 quibus
2538 2098 2699 2164 haee
2736 2099 2909 2164 Rosa

1036 2213 1307 2299 gaudet,
1377 2213 1660 2279 efficiunt
1706 2233 2008 2295 magnam
2079 2212 2422 2278 formarum
2485 2211 2906 2277 variationem

1040 2349 1304 2413 quarum
1349 2328 1636 2394 membra
1705 2333 1993 2392 extrema
2068 2346 2265 2412 saepe
2334 2326 2525 2410 longe
2595 2327 2760 2392 inter
2825 2343 2907 2390 >se

1038 2442 1308 2523 distant,
1356 2441 1560 2506 donee
1604 2440 1754 2505 illae
1795 2440 2212 2505 intermediae
2271 2440 2540 2506 invicem
2589 2441 2907 2508 confluere

1041 2554 1350 2622 videntur.
1398 2555 1453 2618 A
1507 2554 1731 2618 Persia
1783 2573 1898 2639 per
1935 2553 2333 2638 Armeniam,
2384 2554 2655 2639 Syriam,
2687 2553 2906 2619 Asiam

1043 2670 1381 2750 minorem,
1443 2669 1716 2733 insulam
1767 2667 2057 2751 Cretam2
2104 2668 2493 2750 Rumeliam,
2544 2666 2906 2751 Graeciam,

1040 2782 1410 2861 Albaniam,
1483 2781 1949 2863 Cernagoram,
2022 2782 2444 2857 Dalmatiam,
2510 2780 2794 2846 Siciliam
2845 2788 2910 2846 et

1041 2896 1593 2962 Austro-Italicum
1627 2896 2055 2960 continentem
2088 2894 2411 2961 districtus
2437 2895 2900 2961 distributionis

1043 3009 1227 3073 huius
1275 3009 1514 3093 speciei
1547 3008 1929 3073 extenditur.
1979 3007 2109 3073 Sub
2143 3008 2338 3072 variis
2387 3007 2564 3074 zonis
2613 3003 2906 3074 diversae

1040 3122 1281 3189 formae
1343 3122 1530 3188 huius
1593 3121 1833 3207 speciei
1905 3122 2260 3187 numerosis
2322 3122 2702 3206 designatae
2762 3128 2909 3187 sunt

950 3241 957 3248 '
1041 3236 1424 3301 nominibus.
1472 3237 1570 3301 De
1601 3235 1925 3301 nonnullis
1973 3236 2248 3299 maxime
2280 3236 2906 3320 conspicuisttormis

1043 3351 1177 3434 egit
1245 3349 1498 3434 quidem
1559 3350 1816 3415 Cnnpm
1877 3349 1943 3413 in
2004 3349 2344 3416 Memoires
2407 3350 2487 3414 de
2549 3349 2613 3413 la
2669 3350 2906 3415 societe

1043 3464 1263 3548 royale
1310 3464 1390 3528 de
1442 3464 1782 3547 botanique
1830 3464 1909 3527 de
1957 3462 2267 3546 Belgique
2324 3463 2540 3528 XVIII
2586 3483 2731 3547 pag.
2779 3464 2909 3528 380

1041 3578 1256 3642 --392
1303 3578 1550 3663 (1879),
1600 3577 1715 3641 sed
1750 3575 2077 3641 materiam
2130 3576 2321 3659 longe
2372 3575 2536 3640 haud
2594 3575 2906 3641 exhausit.

1041 3698 1245 3758 Rosae
1286 3692 1644 3775 ylutinosae
1706 3689 1906 3756 Sibth.
1967 3696 2030 3754 et
2078 3689 2205 3754 Sm.
2268 3690 2471 3754 forma
2533 3689 2749 3774 typica
2794 3709 2908 3755 seu

1041 3805 1218 3870 Rosa
1271 3804 1520 3870 Cretica
1583 3802 1945 3868 Trattiniok
2008 3804 2232 3866 Rosao.
2290 3802 2573 3886 Monogr.
2620 3803 2668 3867 Ι.
2718 3822 2775 3886 p.
2824 3803 2906 3866 83

1040 3918 1266 4003 (1823)
1307 3917 1372 3980 in
1423 3916 1791 3999 Cernagora
1856 3922 1920 3979 et
1981 3916 2307 3980 Dalmatia
2376 3914 2545 3980 haud
2609 3915 2908 3999 nascitur,

1039 4030 1251 4097 Rosae
1321 4030 1681 4113 ylutinosae
1756 4027 1960 4092 Sibth.
2040 4033 2105 4093 et
2166 4026 2295 4092 Sm.
2362 4031 2653 4111 sormam
2697 4028 2911 4095 littora

1039 4143 1277 4208 Adriae
1323 4148 1388 4205 et
1416 4142 1614 4224 Alpes
1647 4140 1967 4206 dinarieas
2000 4139 2463 4207 inhabitantem
2513 4143 2586 4206 A.
2622 4141 2910 4207 KERNER

1040 4258 1105 4321 in
1153 4255 1429 4321 Oesterr.
1462 4256 1589 4320 bot.
1639 4253 2009 4319 Zeitsehriit
2056 4255 2091 4317 l.
2143 4274 2194 4317 e.
2228 4274 2286 4337 p.
2342 4255 2421 4318 10
2466 4260 2701 4322 Rosam
2759 4254 2907 4319 Dal-

1041 4371 1339 4435 „vaticam
1392 4368 1759 4433 nominavit.
1825 4368 2058 4431 Forma
2089 4366 2250 4432 haee
2283 4366 2686 4433 aculeatione
2718 4368 2908 4433 nimis

1042 4480 2911 4566 denseverticillataetpetiolorumfolirumquepubeseentia
