3332 5241
1069 565 1378 613 PLANTAE
1423 565 2031 614 MONTENEGRINAE.
2588 551 2617 612 1
2633 550 2703 613 11

840 763 903 821 et
946 759 1242 834 arcuatis,
1292 758 1716 842 receptaculis
1756 757 2061 840 ovoideis,
2114 757 2533 841 receptaculis
2580 758 2701 822 iru-

846 869 1086 937 ctiferis
1133 871 1437 953 ovoideis‚
1487 871 1674 957 stylis
1722 872 1959 936 minute
2006 871 2249 956 pilosis,

634 1010 706 1074 In
753 1010 1027 1076 dumetis
1075 1010 1226 1093 pagi
1272 1010 1492 1075 LJEvA
1541 1011 1769 1075 RJEKA
1819 1010 2043 1097 (VIII).

840 1203 898 1266 b.
992 1201 1325 1267 Subsectio
1389 1201 1827 1285 Rubiginosae
1890 1221 2081 1268 verae
2128 1202 2471 1285 Deseglise
2519 1201 2705 1268 Cata·

1050 1316 1239 1398 logue
1283 1315 1584 1380 raisonne
1628 1315 1695 1378 in
1737 1314 2016 1380 Bulletin
2048 1314 2127 1380 de
2177 1315 2240 1380 la
2287 1316 2524 1381 societe
2571 1336 2707 1400 roy.

1047 1428 1126 1493 de
1190 1429 1313 1492 bot.
1371 1427 1451 1494 de
1511 1427 1824 1512 Belgique
1883 1429 2007 1494 XV
2069 1430 2296 1515 (1876)
2360 1449 2508 1514 pag.
2556 1430 2705 1511 532,

1047 1548 1202 1607 extr.
1252 1562 1400 1626 pag.
1448 1542 1627 1628 277).

838 1659 893 1745 a.
986 1681 1217 1747 Tribus
1263 1681 1658 1747 Micranthae
1716 1682 1948 1766 Crepin
1994 1683 2225 1766 primit.
2274 1702 2557 1765 monogr.
2607 1704 2703 1747 ro-

1047 1816 1257 1861 sarum
1305 1796 1460 1862 fasc.
1508 1796 1557 1860 I.
1606 1816 1754 1880 pag.
1802 1797 1948 1860 244.
1997 1795 2033 1859 l.
2069 1815 2120 1861 c.
2155 1802 2196 1862 t.
2247 1796 2415 1860 VIII.
2451 1797 2700 1883 (1869).

376 2003 1097 2165 ,Rowtha
1162 2004 1404 2076 Borbas
1470 2005 1535 2069 in
1598 2008 1652 2070 A
1728 2026 1997 2089 magyar
2069 2005 2421 2071 birodalom
2489 2005 2703 2071 vadou

574 2116 609 2137 ²
835 2125 1036 2183 termo
1084 2119 1291 2184 rozsai
1355 2138 1504 2202 pag.
1563 2120 1689 2183 491
1759 2125 1822 2184 et
1874 2119 2001 2185 497
2063 2119 2289 2206 (1880)
2338 2118 2455 2183 sub
2501 2117 2705 2184 forma

834 2232 1045 2297 Rosae
1092 2230 1441 2297 lactiflorae
1493 2231 1753 2314 Desegl.
1799 2233 1871 2296 R.
1933 2230 2287 2297 micrantha
2331 2232 2546 2316 Freyn
2596 2252 2702 2299 ex·

835 2345 1076 2410 siccata
1121 2366 1247 2410 non
1294 2345 1522 2411 Smith.

832 2537 1064 2601 Differt
1109 2557 1147 2601 a
1192 2536 1394 2602 forma
1427 2537 1642 2622 typica
1677 2536 2052 2622 pedunculis
2100 2557 2323 2622 parum
2356 2537 2702 2620 elongatis,

834 2651 1265 2730 sublaevibus,
1307 2651 1732 2735 receptaculis
1764 2650 2106 2716 fructiferis
2141 2651 2482 2736 praecipue
2517 2651 2701 2717 basin
2825 2657 2830 2660 “

832 2784 1055 2831 versus
1104 2765 1261 2830 setis
1311 2764 1714 2848 glandulosis
1761 2765 2063 2846 obtectiS,
2111 2764 2348 2832 foliolis
2396 2764 2586 2830 etiam
2635 2766 2702 2829 in

736 2912 754 2927 ·
835 2877 1072 2943 lamina
1119 2878 1265 2943 hinc
1312 2877 1462 2944 inde
1505 2877 1749 2961 pilosis.
1808 2879 1967 2943 Late
2032 2877 2265 2944 diflusa
2310 2879 2483 2945 Rosa
2522 2879 2700 2945 cuius

833 2991 1296 3058 distributionis
1373 2992 1700 3058 districtus
1785 2992 1865 3057 ab
1951 2991 2143 3059 Istria
2224 3011 2337 3076 per
2424 2992 2703 3058 Litorale

834 3106 1233 3172 Austriacum
1261 3126 1459 3188 usque
1487 3106 1876 3171 Dalmatiam
1910 3113 1974 3171 et
1995 3105 2336 3171 Albaniam
2370 3105 2703 3191 procurrit.

623 3246 696 3310 In
744 3244 1000 3312 incultis
1048 3246 1201 3330 pagi
1247 3245 1501 3311 Nmous
1551 3245 1748 3332 (VII).

832 3437 909 3501 E.
1000 3437 1214 3503 Sectio
1264 3435 1624 3502 Orientales
1658 3435 1894 3521 Crepin
1927 3437 2159 3521 primit.
2207 3456 2459 3519 monog.
2494 3457 2699 3503 rosar.

1040 3550 1193 3615 fasc.
1242 3550 1288 3614 I.
1338 3549 1377 3613 l.
1425 3570 1477 3615 c.
1527 3556 1567 3615 t.
1620 3549 1787 3614 V111.
1838 3570 1986 3634 pag.
2034 3550 2160 3615 258
2212 3550 2459 3636 (1869).

418 3758 586 3829 Rosa
609 3759 941 3849 glutinosa
966 3759 1170 3830 Sibth.
1201 3763 1266 3829 et
1293 3758 1436 3842 Sm„
1463 3758 1747 3825 Prodrm.
1776 3759 1869 3823 Fl.
1898 3758 2005 3825 Gr.
2031 3759 2079 3840 Ι,
2107 3778 2252 3842 pag.
2295 3760 2423 3824 348
2448 3759 2697 3839 (1806).

503 3967 855 4083 Q
900 3967 1253 4039 dalmatica
1296 3968 1372 4037 A.
1421 3967 1668 4039 Kerner
1714 3969 1778 4033 in
1830 3953 1903 4034 ὂ.
1959 3969 2090 4033 Bot.
2125 3967 2305 4049 Zeit„
2353 3968 2499 4050 XX,
2548 3987 2694 4051 pag.

550 4085 555 4086 ⁷
837 4081 917 4145 10
966 4082 1192 4165 (1870)
1240 4102 1353 4165 pro
1401 4101 1495 4165 sp.
1556 4081 1715 4146 Tab.
1758 4081 1866 4162 IV,
1914 4079 2018 4164 fig.
2067 4081 2241 4145 i—k.

833 4273 1062 4337 Differt
1106 4292 1145 4337 a
1192 4274 1363 4339 Rosa
1418 4272 1736 4355 glutinosa
1797 4271 2000 4338 Sibth.
2063 4278 2126 4336 et
2188 4271 2316 4337 Sm.
2365 4272 2407 4338 f.
2454 4271 2691 4356 typica,

829 4384 1067 4451 foliolis
1113 4386 1322 4451 minus
1368 4385 1610 4470 pilosis,
1658 4386 1722 4450 in
1771 4385 2013 4451 cultura
2046 4384 2280 4450 foliolis
2329 4391 2392 4449 et
2437 4384 2691 4469 petiolis

831 4498 1300 4582 glabriusculis.
