3332 5241
678 454 764 518 94

1381 475 1559 523 BECK
1603 477 1689 522 ΕΤ
1729 474 2255 523 SZYSZYLOWICZ.

1092 666 1520 749 Receptacula
1563 665 1885 731 fructifera
1920 665 2193 732 ovoidea
2223 666 2325 731 vel
2360 665 2635 731 breviter
2665 664 2960 733 ovoideo·

1094 779 1491 865 ellipsoidea.

1094 893 1327 959 Forma
1374 892 1592 960 habitu
1657 895 1871 961 Rosae
1934 896 2199 960 caninae
2243 895 2455 977 subsp.
2518 893 2778 976 spuriae
2820 916 2961 961 var.

1093 1009 1349 1089 apricae
1378 1007 1720 1074 simillima.
1769 1009 2110 1074 Sel-ratura
2139 1007 2429 1092 simplici,
2487 1008 2964 1094 receptaculum

1091 1120 1554 1188 fructiferorum
1628 1122 1924 1187 brevibus
1994 1121 2416 1207 receptaculis
2487 1123 2681 1188 multo
2751 1123 2961 1188 minus

1092 1235 1315 1316 acutis,
1380 1234 1614 1302 foliolis
1666 1245 1730 1300 et
1776 1235 1945 1301 omni
1994 1256 2060 1300 re
2109 1241 2398 1321 spectata
2446 1236 2668 1303 habitu
2713 1235 2965 1305 Rosam

1097 1348 1449 1435 (caninam)
1482 1350 1781 1415 nitentem
1813 1349 2119 1419 Desvaax
2149 1356 2492 1416 revocante
2523 1349 2711 1415 facile
2740 1370 2783 1415 a
2812 1350 2962 1417 sub-

1096 1462 1311 1546 specie
1359 1464 1586 1548 aprica
1649 1462 2122 1546 distinguenda.
2214 1464 2270 1528 A
2323 1464 2500 1530 Rosa
2548 1464 2961 1548 (Lutetiana)

1094 1576 1437 1660 oxyphylla
1484 1578 1716 1658 Ripart
1762 1577 1956 1643 nimis
2021 1577 2320 1643 brevibus
2383 1578 2577 1642 ramis
2622 1576 2965 1660 florigeris,

1094 1690 1298 1756 acutis
1347 1690 1458 1756 sed
1507 1709 1632 1756 non
1681 1690 2042 1758 acuminato
2090 1696 2154 1757 et
2193 1689 2276 1755 ad
2321 1690 2506 1758 basin
2553 1689 2722 1756 haud
2767 1690 2965 1775 longe

1097 1803 1488 1886 angustatis,
1568 1802 1866 1888 ellipticis
1946 1810 2010 1869 et
2082 1805 2647 1887 anguste-serratis
2723 1803 2963 1872 foliolis

1098 1915 1465 1981 abhorrens,
1556 1916 1657 1980 Ab
1708 1915 1852 1982 aliis
1900 1916 2254 2001 parvifoliis
2310 1916 2592 2000 Caninis,
2641 1917 2734 1983 sic
2777 1937 2962 2002 prae·

1096 2029 1279 2112 cipue
1354 2048 1394 2092 a
1468 2028 1645 2095 Rosa
1725 2028 2122 2114 (Lutetiana
2139 2033 2167 2110 )
2250 2032 2561 2097 senticosa
2635 2029 2965 2097 Achai-ius

1093 2140 1264 2206 haud
1310 2142 1606 2208 tenuibus
1652 2143 1921 2226 virgatis
1970 2143 2198 2227 ramis,
2245 2143 2310 2208 in
2354 2143 2643 2209 foliorum
2692 2143 2963 2210 fascicu-

1094 2256 1222 2319 lum
1283 2255 1565 2321 sterilem
1627 2255 1799 2322 haud
1846 2258 2226 2322 terminante
2273 2257 2533 2339 ramuli3
2598 2276 2820 2342 parum
2867 2256 2963 2320 di-

1094 2368 1507 2451 vergentibus
1579 2369 1951 2454 stipularum
2025 2369 2322 2435 brevibus
2383 2370 2716 2449 auriculi8‚
2762 2369 2963 2436 multo

1097 2481 1442 2564 majoribus
1489 2483 1909 2566 receptaculis
1955 2482 2329 2567 fructiferis,
2394 2503 2434 2547 a
2479 2484 2657 2549 Rosa
2696 2483 2965 2566 firmata

1101 2595 1300 2662 Godet
1340 2594 1590 2680 validiS,
1638 2595 2065 2663 subbrunneis
2111 2595 2214 2663 vel
2261 2595 2553 2662 viridulis
2603 2595 2735 2663 fere
2780 2596 2965 2662 vina·

1096 2711 1540 2776 ceo-coloratis
1588 2713 1813 2792 ramis,
1878 2711 2072 2776 multo
2117 2710 2514 2795 longioribus
2564 2710 2962 2795 pedunculis,

1099 2844 1439 2891 numerosa
1500 2824 1715 2889 valida
1779 2843 2096 2890 ramorum
2158 2831 2223 2889 et
2282 2824 2663 2891 ramulorum
2710 2824 2963 2889 aculea-

1094 2939 1288 3021 tione‚
1336 2943 1606 3022 anguste
1652 2938 1916 3003 serratis
1960 2936 2197 3003 foliolis
2245 2945 2362 3003 etc.
2427 2939 2486 3001 A
2533 2937 2744 3004 Rosae
2791 2937 2959 3022 (Lu-

1097 3054 1399 3137 tetianae)
1458 3052 1810 3134 fissidentis
1862 3053 2119 3117 Borbds
2182 3051 2537 3135 parvifoliis
2582 3050 2801 3115 formis
2845 3070 2959 3133 pa·

1097 3166 1288 3247 ginae
1333 3165 1650 3231 inferioris
1710 3165 2065 3231 foliolorum
2127 3184 2323 3248 saepe
2369 3164 2610 3230 rubelle
2655 3182 2960 3248 percurso

1095 3297 1399 3344 venarum
1446 3279 1596 3360 reti,
1646 3279 2091 3361 praevalenter
2140 3277 2412 3362 simplici
2454 3283 2801 3360 serratum,
2848 3296 2960 3362 pa-

1101 3391 1252 3455 riter
1326 3410 1366 3454 a
1440 3391 1619 3463 Rosa
1690 3393 2096 3479 (Lutetiana)
2156 3392 2489 3473 fissi-spina
2566 3390 2960 3458 Wierzbicki.

1097 3502 1337 3569 Ultima
1383 3504 1639 3586 insuper
1672 3524 1919 3570 sursum
1951 3504 2332 3570 acuminatis
2380 3503 2615 3570 foliolis
2663 3509 2727 3568 et
2770 3500 2961 3569 valde

1098 3622 1287 3682 acuta
1333 3623 1688 3697 serratura,
1728 3618 2069 3700 geminatis
2134 3617 2379 3683 aculeis
2426 3624 2489 3683 et
2535 3617 2819 3702 protinus
2866 3636 2959 3681 re·

1099 3730 1448 3815 ceptaculis
1465 3731 2011 3815 receptaculisque
2035 3730 2377 3797 fructiferis
2401 3729 2660 3814 gaudet.
2686 3730 2961 3796 Medium

1098 3850 1270 3909 tenet
1302 3843 1465 3909 inter
1501 3844 1739 3910 Rosam
1772 3844 2237 3931 (Lutetianam)
2269 3846 2774 3912 ramosissimum
2804 3842 2961 3909 Rau

1099 3978 1179 4025 ex
1230 3978 1358 4024 una
1402 3965 1582 4042 parte
1630 3964 1694 4023 et
1753 3958 1833 4023 R.
1881 3959 2177 4024 nitentem
2225 3958 2412 4025 Desv.
2472 3962 2833 4042 respectata
2876 3956 2957 4022 R.

1086 4072 1412 4158 firmatam
1466 4072 1668 4138 Godet
1716 4091 1795 4137 ex
1841 4072 2063 4137 altera.

889 4213 960 4277 In
1010 4211 1283 4279 dumetis
1333 4218 1480 4295 pagi
1527 4211 1749 4276 1,va
1795 4213 2026 4277 RJEKA
2075 4211 2270 4298 (VII).

683 4403 852 4476 Rosa
873 4403 1227 4474 Lutatiana
1248 4402 1488 4474 Leman
1517 4409 1579 4467 in
1606 4403 1780 4470 Jour.
1809 4404 1888 4469 de
1913 4403 2106 4488 Phys.
2135 4409 2251 4469 etc,
2274 4404 2375 4482 87,
2396 4423 2541 4488 pag.
2561 4382 2690 4468 364
2716 4401 2960 4486 (1818).
