3332 5241
1066 440 1376 485 PLANTAE
1425 438 2021 485 MONTENEGMNAE.
2580 419 2702 483 109

740 692 743 695 .
833 630 1115 712 thulata‚
1179 631 1244 694 in
1309 629 1498 695 dorso
1550 629 1874 712 glandulis
1937 629 2242 712 stipitatis
2289 628 2703 697 sessilibusve

834 744 1033 809 dense
1081 744 1324 825 obsita,
1387 750 1533 828 post
1579 742 1878 809 anthesin
1927 742 2183 808 reflexa.
2278 743 2511 809 Discus
2557 743 2701 808 sub-

835 859 1082 941 planus.
1149 857 1312 941 Styli
1360 857 1560 922 dense
1607 857 1839 939 villosi,
1889 857 2131 922 discum
2182 856 2699 940 subobtegentes.

838 972 1267 1056 Receptacula
1314 971 2023 1055 ellipsoidea·oblonga‚
2078 976 2226 1036 ante
2275 972 2701 1037 maturitatem

804 1086 1293 1151 marcescentia
1349 1085 1672 1167 glandulis
1722 1084 2024 1169 stipitatis
2073 1083 2353 1167 setisque
2402 1087 2543 1169 plus
2590 1086 2697 1150 mi·

830 1218 947 1264 nus
996 1200 1267 1264 obtecta.
1325 1199 1597 1264 Petala‘?
1646 1197 1931 1282 (pulchre
1978 1199 2214 1284 rosea).

1001 1313 1238 1393 Forma
1284 1312 1631 1396 conspicua
1693 1312 2142 1377 verosimiliter
2190 1311 2464 1397 hybrida
2510 1313 2700 1379 ullius

829 1425 1039 1490 Rosae
1088 1446 1122 1490 e
1169 1445 1370 1508 grege
1426 1426 1955 1491 Tomentosarum
2005 1446 2144 1491 cum
2189 1427 2463 1510 quadam
2513 1425 2700 1491 Cani·

830 1559 1069 1604 narum.
1163 1540 1269 1604 Uti
1320 1539 1585 1604 relatum
1635 1546 1734 1604 est
1780 1540 2157 1606 corollarum
2203 1541 2547 1625 praecipue
2595 1559 2699 1605 ex-

828 1651 999 1717 cellit
1031 1652 1225 1718 odore
1259 1653 1440 1718 suavi
1474 1659 1539 1718 et
1568 1672 1609 1716 a
1641 1652 2052 1735 Cernagorae
2084 1653 2314 1719 incolis
2338 1654 2699 1736 frequenter

826 1765 908 1829 ad
955 1764 1210 1849 thyrsos
1258 1772 1322 1830 et
1365 1764 1722 1850 puellarum
1770 1774 2207 1832 ornamentum
2253 1766 2608 1832 adhibetur.

617 1904 717 1968 Ad
770 1923 958 1989 sepes
1006 1925 1203 1989 prope
1252 1905 1588 1971 ORAnovo
1640 1905 1837 1991 (VH).

823 2115 901 2177 D.
995 2114 1207 2203 Sectio
1266 2115 1703 2198 Rubiginosae
1776 2116 1850 2178 D.
1916 2115 1985 2179 C.
2053 2116 2118 2179 in
2192 2115 2462 2198 Seringe
2530 2134 2688 2179 mus.

1040 2227 1222 2292 Helv.
1274 2229 1497 2311 (1818)
1547 2227 1593 2291 Ι.
1644 2249 1789 2311 pag.
1840 2229 1896 2292 2.
1949 2233 2012 2292 et
2055 2229 2114 2291 4.

823 2412 878 2459 a.
980 2392 1317 2457 Subsectio
1388 2394 1743 2478 Sepiaceae
1813 2394 2047 2478 Crepin
2113 2394 2344 2478 primit.
2409 2413 2692 2477 monogr.

1032 2508 1259 2571 Rosar.
1305 2506 1458 2571 fasc.
1493 2507 1541 2571 Ι.
1590 2509 1627 2571 l.
1679 2526 1730 2571 c.
1779 2507 1947 2571 VIII.
1997 2529 2057 2592 p.
2106 2508 2235 2572 244
2279 2507 2521 2592 (1869).

403 2695 572 2768 Rosa
621 2698 902 2787 agrestis
951 2694 1105 2771 Savi
1150 2700 1248 2765 Fl.
1297 2700 1424 2765 Pis.
1472 2701 1519 2763 Ι.
1569 2720 1717 2784 pag.
1765 2701 1895 2766 475
1943 2700 2192 2787 (1798).

827 2891 907 2956 R.
954 2892 1312 2975 myrtifolia
1357 2891 1581 2957 Haller
1642 2891 1725 2956 fil.
1774 2892 1837 2955 in
1888 2891 2255 2958 Schleicher
2303 2893 2440 2959 Cat.
2500 2892 2694 2977 plant.

822 3002 1120 3069 helvetic.
1169 3005 1553 3070 exsiccatar.
1603 3006 1829 3093 (1794)
1878 3005 2016 3071 sine
2065 3004 2511 3090 descriptione.

611 3143 686 3208 In
734 3141 1009 3209 dumetis
1074 3150 1222 3226 pagi
1268 3145 1492 3209 Lam
1539 3145 1768 3210 RJEKA
1817 3145 2041 3230 (VIII).

487 3380 624 3431 var.
673 3359 840 3432 Rosa
887 3360 1165 3432 Milenae
1211 3360 1285 3430 H.
1333 3361 1567 3432 Braun.

510 3438 831 3484 Ἀ

608 3500 767 3566 Tab.
819 3499 892 3584 V,
942 3500 1049 3585 fig.
1102 3500 1288 3567 a—-d,

815 3694 1059 3757 Frutex
1142 3693 1341 3759 dense
1425 3693 1838 3759 ramificatus.
1925 3694 2109 3758 Rami
2180 3693 2379 3759 dilute
2440 3693 2706 3758 brunnei

819 3807 1114 3891 aculeati,
1148 3807 1370 3890 stricti,
1405 3808 1659 3874 breves.
1704 3807 1927 3872 Aculei
1975 3805 2209 3872 adunci
2251 3806 2353 3873 vel
2388 3804 2705 3871 inclinati>

814 3919 929 3986 sed
979 3920 1171 3985 etiam
1220 3921 1283 3985 in
1342 3922 1536 3985 ramis
1601 3921 2033 4005 superioribus
2085 3920 2384 4005 subrecti,
2429 3918 2694 4004 robusti,

811 4033 977 4097 intra
1022 4032 1292 4116 stipulas
1341 4055 1538 4119 saepe
1587 4035 1888 4119 oppositi.
1941 4035 2236 4119 Stipulae
2283 4034 2700 4117 lanceolatae,

810 4152 877 4211 in
923 4147 1161 4212 lamina
1222 4147 1569 4231 puberulae
1620 4155 1684 4213 et
1729 4147 2058 4231 glandulis
2120 4148 2319 4214 dense
2376 4148 2691 4228 obtectae,

811 4260 1112 4325 auriculis
1139 4261 1521 4327 acuminatis
1554 4261 2061 4345 divergentibus‚
2094 4262 2160 4326 in
2191 4261 2481 4345 margine
2512 4261 2689 4346 glan—

812 4372 987 4440 dulis
1039 4373 1347 4461 stipitatis
1393 4375 1859 4445 rufescentibus
1907 4376 2105 4443 dense
2151 4375 2502 4464 praeditae.
2577 4376 2694 4446 Pe·
