<?xml version="1.0" encoding="UTF-8"?>
<!DOCTYPE html PUBLIC "-//W3C//DTD XHTML 1.0 Transitional//EN"
    "http://www.w3.org/TR/xhtml1/DTD/xhtml1-transitional.dtd">
<html xmlns="http://www.w3.org/1999/xhtml" xml:lang="en" lang="en">
 <head>
  <title>
</title>
<meta http-equiv="Content-Type" content="text/html;charset=utf-8" />
  <meta name='ocr-system' content='tesseract 3.04.00' />
  <meta name='ocr-capabilities' content='ocr_page ocr_carea ocr_par ocr_line ocrx_word'/>
</head>
<body>
  <div class='ocr_page' id='page_1' title='image "./plantaeignszysz00szysgoog_0114.png"; bbox 0 0 3332 5241; ppageno 0'>
   <div class='ocr_carea' id='block_1_1' title="bbox 637 539 758 606">
    <p class='ocr_par' dir='ltr' id='par_1_1' title="bbox 637 539 758 606">
     <span class='ocr_line' id='line_1_1' title="bbox 637 539 758 606; baseline 0.008 -1"><span class='ocrx_word' id='word_1_1' title='bbox 637 539 758 606; x_wconf 85' lang='lat'>106</span> 
     </span>
    </p>
   </div>
   <div class='ocr_carea' id='block_1_2' title="bbox 1292 553 2177 601">
    <p class='ocr_par' dir='ltr' id='par_1_2' title="bbox 1292 553 2177 601">
     <span class='ocr_line' id='line_1_2' title="bbox 1292 553 2177 601; baseline -0.002 0"><span class='ocrx_word' id='word_1_2' title='bbox 1292 554 1471 601; x_wconf 85' lang='lat' dir='ltr'>BECK</span> <span class='ocrx_word' id='word_1_3' title='bbox 1516 553 1601 600; x_wconf 88' lang='lat' dir='ltr'>ET</span> <span class='ocrx_word' id='word_1_4' title='bbox 1648 553 2177 600; x_wconf 72' lang='lat' dir='ltr'>SZYSZYLOWICZ.</span> 
     </span>
    </p>
   </div>
   <div class='ocr_carea' id='block_1_3' title="bbox 1040 741 2913 1396">
    <p class='ocr_par' dir='ltr' id='par_1_3' title="bbox 1040 741 2913 1396">
     <span class='ocr_line' id='line_1_3' title="bbox 1045 741 2911 830; baseline -0.003 -18"><span class='ocrx_word' id='word_1_5' title='bbox 1045 751 1230 830; x_wconf 85' lang='lat' dir='ltr'>guste</span> <span class='ocrx_word' id='word_1_6' title='bbox 1271 744 1611 810; x_wconf 90' lang='lat' dir='ltr'>rotundata</span> <span class='ocrx_word' id='word_1_7' title='bbox 1641 743 1744 808; x_wconf 86' lang='lat' dir='ltr'>vel</span> <span class='ocrx_word' id='word_1_8' title='bbox 1775 743 2012 810; x_wconf 90' lang='lat' dir='ltr'>sensim</span> <span class='ocrx_word' id='word_1_9' title='bbox 2047 748 2393 825; x_wconf 87' lang='lat' dir='ltr'>attenuata,</span> <span class='ocrx_word' id='word_1_10' title='bbox 2442 752 2637 827; x_wconf 85' lang='lat' dir='ltr'>supra</span> <span class='ocrx_word' id='word_1_11' title='bbox 2667 741 2911 825; x_wconf 85' lang='lat' dir='ltr'>glabra,</span> 
     </span>
     <span class='ocr_line' id='line_1_4' title="bbox 1044 855 2913 941; baseline -0.004 -15"><span class='ocrx_word' id='word_1_12' title='bbox 1044 860 1311 926; x_wconf 80' lang='lat' dir='ltr'><strong>obscure</strong></span> <span class='ocrx_word' id='word_1_13' title='bbox 1343 857 1445 923; x_wconf 88' lang='lat' dir='ltr'>vel</span> <span class='ocrx_word' id='word_1_14' title='bbox 1479 856 2253 941; x_wconf 86' lang='lat' dir='ltr'>subflavescenti-viridia,</span> <span class='ocrx_word' id='word_1_15' title='bbox 2301 856 2524 923; x_wconf 82' lang='lat' dir='ltr'>subtus</span> <span class='ocrx_word' id='word_1_16' title='bbox 2572 855 2913 941; x_wconf 84' lang='lat' dir='ltr'>pallidiora</span> 
     </span>
     <span class='ocr_line' id='line_1_5' title="bbox 1043 969 2911 1055; baseline -0.002 -17"><span class='ocrx_word' id='word_1_17' title='bbox 1043 980 1107 1039; x_wconf 91' lang='lat' dir='ltr'>et</span> <span class='ocrx_word' id='word_1_18' title='bbox 1150 971 1468 1037; x_wconf 89' lang='lat' dir='ltr'>interdum</span> <span class='ocrx_word' id='word_1_19' title='bbox 1500 971 1642 1055; x_wconf 89' lang='lat' dir='ltr'>plus</span> <span class='ocrx_word' id='word_1_20' title='bbox 1675 971 1884 1035; x_wconf 86' lang='lat' dir='ltr'>minus</span> <span class='ocrx_word' id='word_1_21' title='bbox 1915 971 2203 1054; x_wconf 87' lang='lat' dir='ltr'>vinacea,</span> <span class='ocrx_word' id='word_1_22' title='bbox 2252 970 2320 1034; x_wconf 92' lang='lat' dir='ltr'>in</span> <span class='ocrx_word' id='word_1_23' title='bbox 2368 990 2564 1036; x_wconf 90' lang='lat' dir='ltr'>nervo</span> <span class='ocrx_word' id='word_1_24' title='bbox 2611 969 2911 1053; x_wconf 85' lang='lat' dir='ltr'>primario</span> 
     </span>
     <span class='ocr_line' id='line_1_6' title="bbox 1043 1081 2912 1169; baseline -0.003 -18"><span class='ocrx_word' id='word_1_25' title='bbox 1043 1085 1241 1152; x_wconf 90' lang='lat' dir='ltr'>dense</span> <span class='ocrx_word' id='word_1_26' title='bbox 1289 1084 1531 1169; x_wconf 87' lang='lat' dir='ltr'>pilosa,</span> <span class='ocrx_word' id='word_1_27' title='bbox 1582 1085 1645 1147; x_wconf 91' lang='lat' dir='ltr'>in</span> <span class='ocrx_word' id='word_1_28' title='bbox 1696 1083 1909 1150; x_wconf 87' lang='lat' dir='ltr'>nervis</span> <span class='ocrx_word' id='word_1_29' title='bbox 1956 1082 2354 1149; x_wconf 80' lang='lat' dir='ltr'>secundariis</span> <span class='ocrx_word' id='word_1_30' title='bbox 2402 1103 2478 1148; x_wconf 90' lang='lat' dir='ltr'>ac</span> <span class='ocrx_word' id='word_1_31' title='bbox 2525 1082 2715 1148; x_wconf 89' lang='lat' dir='ltr'>etiam</span> <span class='ocrx_word' id='word_1_32' title='bbox 2764 1081 2912 1146; x_wconf 91' lang='lat' dir='ltr'>hinc</span> 
     </span>
     <span class='ocr_line' id='line_1_7' title="bbox 1041 1195 2911 1282; baseline -0.002 -17"><span class='ocrx_word' id='word_1_33' title='bbox 1041 1201 1191 1265; x_wconf 92' lang='lat' dir='ltr'>inde</span> <span class='ocrx_word' id='word_1_34' title='bbox 1246 1199 1311 1262; x_wconf 90' lang='lat' dir='ltr'>in</span> <span class='ocrx_word' id='word_1_35' title='bbox 1354 1198 1593 1262; x_wconf 86' lang='lat' dir='ltr'>lamina</span> <span class='ocrx_word' id='word_1_36' title='bbox 1639 1197 1787 1282; x_wconf 88' lang='lat' dir='ltr'>pilis</span> <span class='ocrx_word' id='word_1_37' title='bbox 1850 1198 2094 1282; x_wconf 80' lang='lat' dir='ltr'>sparsis</span> <span class='ocrx_word' id='word_1_38' title='bbox 2156 1198 2444 1273; x_wconf 88' lang='lat' dir='ltr'>obtecta,</span> <span class='ocrx_word' id='word_1_39' title='bbox 2508 1196 2575 1260; x_wconf 92' lang='lat' dir='ltr'>in</span> <span class='ocrx_word' id='word_1_40' title='bbox 2620 1195 2911 1278; x_wconf 83' lang='lat' dir='ltr'>margine</span> 
     </span>
     <span class='ocr_line' id='line_1_8' title="bbox 1040 1309 2908 1396; baseline -0.004 -17"><span class='ocrx_word' id='word_1_41' title='bbox 1040 1312 1477 1396; x_wconf 78' lang='lat' dir='ltr'>irregulariter</span> <span class='ocrx_word' id='word_1_42' title='bbox 1492 1311 2154 1394; x_wconf 85' lang='lat' dir='ltr'>glanduloso-serrata</span> <span class='ocrx_word' id='word_1_43' title='bbox 2172 1317 2495 1376; x_wconf 85' lang='lat' dir='ltr'>serratura</span> <span class='ocrx_word' id='word_1_44' title='bbox 2512 1316 2700 1375; x_wconf 87' lang='lat' dir='ltr'>acuta</span> <span class='ocrx_word' id='word_1_45' title='bbox 2711 1309 2908 1375; x_wconf 86' lang='lat' dir='ltr'>brevi.</span> 
     </span>
    </p>
   </div>
   <div class='ocr_carea' id='block_1_4' title="bbox 935 1423 2910 1509">
    <p class='ocr_par' dir='ltr' id='par_1_4' title="bbox 935 1423 2910 1509">
     <span class='ocr_line' id='line_1_9' title="bbox 935 1423 2910 1509; baseline -0.003 -16"><span class='ocrx_word' id='word_1_46' title='bbox 935 1445 942 1450; x_wconf 88' lang='lat'>·</span> <span class='ocrx_word' id='word_1_47' title='bbox 1041 1429 1349 1493; x_wconf 90' lang='lat' dir='ltr'>Bracteae</span> <span class='ocrx_word' id='word_1_48' title='bbox 1397 1425 1830 1507; x_wconf 86' lang='lat' dir='ltr'>rubescentes,</span> <span class='ocrx_word' id='word_1_49' title='bbox 1879 1425 2251 1509; x_wconf 86' lang='lat' dir='ltr'>plerumque</span> <span class='ocrx_word' id='word_1_50' title='bbox 2282 1423 2614 1490; x_wconf 86' lang='lat' dir='ltr'>foliaceae.</span> <span class='ocrx_word' id='word_1_51' title='bbox 2662 1423 2910 1489; x_wconf 90' lang='lat' dir='ltr'>Pedun-</span> 
     </span>
    </p>
   </div>
   <div class='ocr_carea' id='block_1_5' title="bbox 1023 1534 2911 4555">
    <p class='ocr_par' dir='ltr' id='par_1_5' title="bbox 1036 1534 2911 2304">
     <span class='ocr_line' id='line_1_10' title="bbox 1041 1534 2911 1622; baseline -0.004 -16"><span class='ocrx_word' id='word_1_52' title='bbox 1041 1541 1163 1607; x_wconf 93' lang='lat' dir='ltr'>culi</span> <span class='ocrx_word' id='word_1_53' title='bbox 1214 1534 1479 1605; x_wconf 70' lang='lat' dir='ltr'>7-9mm-</span> <span class='ocrx_word' id='word_1_54' title='bbox 1525 1540 1721 1622; x_wconf 87' lang='lat' dir='ltr'>longi,</span> <span class='ocrx_word' id='word_1_55' title='bbox 1769 1539 1988 1603; x_wconf 89' lang='lat' dir='ltr'>laeves</span> <span class='ocrx_word' id='word_1_56' title='bbox 2035 1537 2389 1622; x_wconf 85' lang='lat' dir='ltr'>glabrique.</span> <span class='ocrx_word' id='word_1_57' title='bbox 2480 1535 2911 1620; x_wconf 74' lang='lat' dir='ltr'>Receptacula</span> 
     </span>
     <span class='ocr_line' id='line_1_11' title="bbox 1039 1651 2907 1736; baseline -0.004 -15"><span class='ocrx_word' id='word_1_58' title='bbox 1039 1653 1313 1721; x_wconf 90' lang='lat' dir='ltr'>ovoideo</span> <span class='ocrx_word' id='word_1_59' title='bbox 1344 1653 1447 1718; x_wconf 85' lang='lat' dir='ltr'>vel</span> <span class='ocrx_word' id='word_1_60' title='bbox 1481 1652 2189 1736; x_wconf 83' lang='lat' dir='ltr'>ellipsoideo-oblonga.</span> <span class='ocrx_word' id='word_1_61' title='bbox 2225 1651 2463 1736; x_wconf 84' lang='lat' dir='ltr'>Sepala</span> <span class='ocrx_word' id='word_1_62' title='bbox 2487 1651 2612 1716; x_wconf 93' lang='lat' dir='ltr'>duo</span> <span class='ocrx_word' id='word_1_63' title='bbox 2636 1652 2907 1733; x_wconf 87' lang='lat' dir='ltr'>integra,</span> 
     </span>
     <span class='ocr_line' id='line_1_12' title="bbox 1038 1763 2909 1852; baseline -0.002 -21"><span class='ocrx_word' id='word_1_64' title='bbox 1038 1765 1617 1852; x_wconf 82' lang='lat' dir='ltr'>triapinnatifida,</span> <span class='ocrx_word' id='word_1_65' title='bbox 1684 1771 1830 1850; x_wconf 92' lang='lat' dir='ltr'>post</span> <span class='ocrx_word' id='word_1_66' title='bbox 1875 1764 2171 1831; x_wconf 90' lang='lat' dir='ltr'>anthesin</span> <span class='ocrx_word' id='word_1_67' title='bbox 2217 1763 2485 1848; x_wconf 87' lang='lat' dir='ltr'>reflexa,</span> <span class='ocrx_word' id='word_1_68' title='bbox 2544 1764 2794 1829; x_wconf 91' lang='lat' dir='ltr'>demum</span> <span class='ocrx_word' id='word_1_69' title='bbox 2842 1770 2909 1829; x_wconf 90' lang='lat' dir='ltr'>et</span> 
     </span>
     <span class='ocr_line' id='line_1_13' title="bbox 1037 1853 2904 1964; baseline -0.002 -20"><span class='ocrx_word' id='word_1_70' title='bbox 1037 1879 1435 1964; x_wconf 87' lang='lat' dir='ltr'>praecociter</span> <span class='ocrx_word' id='word_1_71' title='bbox 1479 1877 1781 1963; x_wconf 81' lang='lat' dir='ltr'>decidua3</span> <span class='ocrx_word' id='word_1_72' title='bbox 1836 1853 2121 1963; x_wconf 81' lang='lat' dir='ltr'>pinnulis</span> <span class='ocrx_word' id='word_1_73' title='bbox 2168 1877 2494 1961; x_wconf 77' lang='lat' dir='ltr'>angustiS,</span> <span class='ocrx_word' id='word_1_74' title='bbox 2541 1876 2690 1942; x_wconf 91' lang='lat' dir='ltr'>hinc</span> <span class='ocrx_word' id='word_1_75' title='bbox 2736 1876 2904 1959; x_wconf 89' lang='lat' dir='ltr'>inde,</span> 
     </span>
     <span class='ocr_line' id='line_1_14' title="bbox 1038 1990 2908 2078; baseline -0.003 -19"><span class='ocrx_word' id='word_1_76' title='bbox 1038 1994 1152 2059; x_wconf 89' lang='lat' dir='ltr'>sed</span> <span class='ocrx_word' id='word_1_77' title='bbox 1201 1993 1507 2078; x_wconf 87' lang='lat' dir='ltr'>sparsius,</span> <span class='ocrx_word' id='word_1_78' title='bbox 1556 1991 1976 2074; x_wconf 82' lang='lat' dir='ltr'>glandulosis.</span> <span class='ocrx_word' id='word_1_79' title='bbox 2027 1990 2191 2076; x_wconf 86' lang='lat' dir='ltr'>Styli</span> <span class='ocrx_word' id='word_1_80' title='bbox 2226 1990 2425 2056; x_wconf 88' lang='lat' dir='ltr'>dense</span> <span class='ocrx_word' id='word_1_81' title='bbox 2469 1990 2712 2073; x_wconf 86' lang='lat' dir='ltr'>hirsuti,</span> <span class='ocrx_word' id='word_1_82' title='bbox 2759 1990 2908 2056; x_wconf 90' lang='lat' dir='ltr'>sub-</span> 
     </span>
     <span class='ocr_line' id='line_1_15' title="bbox 1036 2103 2905 2190; baseline -0.003 -18"><span class='ocrx_word' id='word_1_83' title='bbox 1036 2107 1267 2172; x_wconf 87' lang='lat' dir='ltr'>villosi.</span> <span class='ocrx_word' id='word_1_84' title='bbox 1347 2106 1580 2172; x_wconf 87' lang='lat' dir='ltr'>Discus</span> <span class='ocrx_word' id='word_1_85' title='bbox 1637 2105 2093 2190; x_wconf 88' lang='lat' dir='ltr'>planiusculus.</span> <span class='ocrx_word' id='word_1_86' title='bbox 2171 2104 2397 2169; x_wconf 88' lang='lat' dir='ltr'>Petala</span> <span class='ocrx_word' id='word_1_87' title='bbox 2456 2103 2654 2169; x_wconf 89' lang='lat' dir='ltr'>dilnte</span> <span class='ocrx_word' id='word_1_88' title='bbox 2702 2123 2905 2169; x_wconf 87' lang='lat' dir='ltr'>rosea.</span> 
     </span>
     <span class='ocr_line' id='line_1_16' title="bbox 1036 2218 2279 2304; baseline -0.003 -19"><span class='ocrx_word' id='word_1_89' title='bbox 1036 2218 1466 2304; x_wconf 85' lang='lat' dir='ltr'>Receptacula</span> <span class='ocrx_word' id='word_1_90' title='bbox 1511 2218 1839 2285; x_wconf 87' lang='lat' dir='ltr'>fructifera</span> <span class='ocrx_word' id='word_1_91' title='bbox 1885 2218 2279 2303; x_wconf 88' lang='lat' dir='ltr'>ellipsoidea.</span> 
     </span>
    </p>

    <p class='ocr_par' dir='ltr' id='par_1_6' title="bbox 1023 2329 2906 4555">
     <span class='ocr_line' id='line_1_17' title="bbox 1212 2329 2906 2415; baseline -0.002 -17"><span class='ocrx_word' id='word_1_92' title='bbox 1212 2334 1513 2399; x_wconf 83' lang='lat' dir='ltr'>Proxime</span> <span class='ocrx_word' id='word_1_93' title='bbox 1581 2331 1794 2397; x_wconf 86' lang='lat' dir='ltr'>affinis</span> <span class='ocrx_word' id='word_1_94' title='bbox 1865 2338 2068 2397; x_wconf 85' lang='lat' dir='ltr'>Rosae</span> <span class='ocrx_word' id='word_1_95' title='bbox 2120 2330 2371 2413; x_wconf 76' lang='lat' dir='ltr'>pilosae</span> <span class='ocrx_word' id='word_1_96' title='bbox 2436 2329 2635 2415; x_wconf 88' lang='lat' dir='ltr'>Opiz,</span> <span class='ocrx_word' id='word_1_97' title='bbox 2692 2330 2906 2396; x_wconf 82' lang='lat' dir='ltr'>Rosae</span> 
     </span>
     <span class='ocr_line' id='line_1_18' title="bbox 1038 2444 2905 2528; baseline -0.004 -14"><span class='ocrx_word' id='word_1_98' title='bbox 1038 2450 1427 2514; x_wconf 79' lang='lat' dir='ltr'>dumetorum</span> <span class='ocrx_word' id='word_1_99' title='bbox 1484 2447 1531 2527; x_wconf 82' lang='lat' dir='ltr'>f.</span> <span class='ocrx_word' id='word_1_100' title='bbox 1589 2445 2039 2510; x_wconf 75' lang='lat' dir='ltr'>heterotriekae</span> <span class='ocrx_word' id='word_1_101' title='bbox 2093 2444 2341 2509; x_wconf 81' lang='lat' dir='ltr'>Barbas</span> <span class='ocrx_word' id='word_1_102' title='bbox 2403 2445 2466 2508; x_wconf 91' lang='lat' dir='ltr'>in</span> <span class='ocrx_word' id='word_1_103' title='bbox 2529 2445 2585 2508; x_wconf 95' lang='lat' dir='ltr'>A</span> <span class='ocrx_word' id='word_1_104' title='bbox 2634 2463 2905 2528; x_wconf 83' lang='lat' dir='ltr'>magyar</span> 
     </span>
     <span class='ocr_line' id='line_1_19' title="bbox 1036 2556 2903 2642; baseline -0.004 -14"><span class='ocrx_word' id='word_1_105' title='bbox 1036 2560 1392 2628; x_wconf 91' lang='lat' dir='ltr'>birodalom</span> <span class='ocrx_word' id='word_1_106' title='bbox 1451 2559 1663 2626; x_wconf 85' lang='lat' dir='ltr'>vadon</span> <span class='ocrx_word' id='word_1_107' title='bbox 1726 2564 1924 2625; x_wconf 73' lang='lat' dir='ltr'>termo</span> <span class='ocrx_word' id='word_1_108' title='bbox 1990 2559 2196 2626; x_wconf 78' lang='lat' dir='ltr'>rozsai</span> <span class='ocrx_word' id='word_1_109' title='bbox 2256 2578 2402 2642; x_wconf 84' lang='lat' dir='ltr'>pag.</span> <span class='ocrx_word' id='word_1_110' title='bbox 2465 2558 2593 2624; x_wconf 83' lang='lat'>426</span> <span class='ocrx_word' id='word_1_111' title='bbox 2655 2562 2718 2624; x_wconf 90' lang='lat' dir='ltr'>et</span> <span class='ocrx_word' id='word_1_112' title='bbox 2776 2556 2903 2622; x_wconf 82' lang='lat'>432</span> 
     </span>
     <span class='ocr_line' id='line_1_20' title="bbox 1038 2670 2903 2760; baseline -0.002 -21"><span class='ocrx_word' id='word_1_113' title='bbox 1038 2676 1263 2760; x_wconf 82' lang='lat'>(1880)</span> <span class='ocrx_word' id='word_1_114' title='bbox 1335 2680 1400 2739; x_wconf 93' lang='lat' dir='ltr'>et</span> <span class='ocrx_word' id='word_1_115' title='bbox 1467 2674 1677 2741; x_wconf 83' lang='lat' dir='ltr'>Rosae</span> <span class='ocrx_word' id='word_1_116' title='bbox 1745 2673 2114 2739; x_wconf 74' lang='lat' dir='ltr'>violascenti</span> <span class='ocrx_word' id='word_1_117' title='bbox 2181 2672 2386 2756; x_wconf 86' lang='lat' dir='ltr'>Puget</span> <span class='ocrx_word' id='word_1_118' title='bbox 2450 2692 2636 2737; x_wconf 89' lang='lat' dir='ltr'>mscr.</span> <span class='ocrx_word' id='word_1_119' title='bbox 2706 2676 2769 2737; x_wconf 88' lang='lat' dir='ltr'>et</span> <span class='ocrx_word' id='word_1_120' title='bbox 2835 2670 2903 2735; x_wconf 91' lang='lat' dir='ltr'>in</span> 
     </span>
     <span class='ocr_line' id='line_1_21' title="bbox 1035 2784 2903 2870; baseline -0.003 -16"><span class='ocrx_word' id='word_1_121' title='bbox 1035 2787 1250 2854; x_wconf 91' lang='lat' dir='ltr'>sched.</span> <span class='ocrx_word' id='word_1_122' title='bbox 1312 2795 1486 2854; x_wconf 85' lang='lat' dir='ltr'>Rosa</span> <span class='ocrx_word' id='word_1_123' title='bbox 1548 2787 1756 2869; x_wconf 79' lang='lat' dir='ltr'>pilosa</span> <span class='ocrx_word' id='word_1_124' title='bbox 1818 2786 1980 2870; x_wconf 90' lang='lat' dir='ltr'>Opiz</span> <span class='ocrx_word' id='word_1_125' title='bbox 2049 2786 2261 2852; x_wconf 89' lang='lat' dir='ltr'>differt</span> <span class='ocrx_word' id='word_1_126' title='bbox 2325 2786 2613 2870; x_wconf 85' lang='lat' dir='ltr'>protinus</span> <span class='ocrx_word' id='word_1_127' title='bbox 2669 2784 2903 2851; x_wconf 87' lang='lat' dir='ltr'>foliolis</span> 
     </span>
     <span class='ocr_line' id='line_1_22' title="bbox 1033 2898 2902 2986; baseline -0.001 -19"><span class='ocrx_word' id='word_1_128' title='bbox 1033 2909 1216 2968; x_wconf 89' lang='lat' dir='ltr'>acute</span> <span class='ocrx_word' id='word_1_129' title='bbox 1262 2902 1328 2967; x_wconf 92' lang='lat' dir='ltr'>in</span> <span class='ocrx_word' id='word_1_130' title='bbox 1372 2901 1675 2986; x_wconf 85' lang='lat' dir='ltr'>petiolum</span> <span class='ocrx_word' id='word_1_131' title='bbox 1724 2901 2103 2985; x_wconf 83' lang='lat' dir='ltr'>angustatis,</span> <span class='ocrx_word' id='word_1_132' title='bbox 2153 2900 2569 2985; x_wconf 90' lang='lat' dir='ltr'>pubescentia</span> <span class='ocrx_word' id='word_1_133' title='bbox 2613 2898 2902 2984; x_wconf 87' lang='lat' dir='ltr'>parciore</span> 
     </span>
     <span class='ocr_line' id='line_1_23' title="bbox 1034 3014 2903 3100; baseline -0.002 -20"><span class='ocrx_word' id='word_1_134' title='bbox 1034 3022 1099 3081; x_wconf 93' lang='lat' dir='ltr'>et</span> <span class='ocrx_word' id='word_1_135' title='bbox 1146 3015 1488 3100; x_wconf 87' lang='lat' dir='ltr'>praecipue</span> <span class='ocrx_word' id='word_1_136' title='bbox 1519 3014 1879 3080; x_wconf 86' lang='lat' dir='ltr'>foliolorum</span> <span class='ocrx_word' id='word_1_137' title='bbox 1912 3014 2219 3097; x_wconf 84' lang='lat' dir='ltr'>marginis</span> <span class='ocrx_word' id='word_1_138' title='bbox 2267 3014 2409 3099; x_wconf 90' lang='lat' dir='ltr'>plus</span> <span class='ocrx_word' id='word_1_139' title='bbox 2457 3014 2667 3078; x_wconf 90' lang='lat' dir='ltr'>minus</span> <span class='ocrx_word' id='word_1_140' title='bbox 2713 3019 2903 3078; x_wconf 82' lang='lat' dir='ltr'>acuta</span> 
     </span>
     <span class='ocr_line' id='line_1_24' title="bbox 1033 3127 2903 3212; baseline -0.001 -19"><span class='ocrx_word' id='word_1_141' title='bbox 1033 3134 1098 3194; x_wconf 88' lang='lat' dir='ltr'>et</span> <span class='ocrx_word' id='word_1_142' title='bbox 1142 3133 1371 3210; x_wconf 84' lang='lat' dir='ltr'>arguta</span> <span class='ocrx_word' id='word_1_143' title='bbox 1418 3135 1760 3194; x_wconf 82' lang='lat' dir='ltr'>serratura.</span> <span class='ocrx_word' id='word_1_144' title='bbox 1807 3127 2021 3194; x_wconf 90' lang='lat' dir='ltr'>Nihilo</span> <span class='ocrx_word' id='word_1_145' title='bbox 2055 3129 2262 3192; x_wconf 89' lang='lat' dir='ltr'>minus</span> <span class='ocrx_word' id='word_1_146' title='bbox 2310 3147 2504 3212; x_wconf 88' lang='lat' dir='ltr'>supra</span> <span class='ocrx_word' id='word_1_147' title='bbox 2550 3133 2903 3193; x_wconf 87' lang='lat' dir='ltr'>memorata</span> 
     </span>
     <span class='ocr_line' id='line_1_25' title="bbox 1031 3239 2900 3326; baseline -0.002 -20"><span class='ocrx_word' id='word_1_148' title='bbox 1031 3242 1204 3307; x_wconf 87' lang='lat' dir='ltr'>Rosa</span> <span class='ocrx_word' id='word_1_149' title='bbox 1264 3241 1441 3308; x_wconf 84' lang='lat' dir='ltr'>Rosa</span> <span class='ocrx_word' id='word_1_150' title='bbox 1501 3241 1745 3323; x_wconf 80' lang='lat' dir='ltr'>pilosae</span> <span class='ocrx_word' id='word_1_151' title='bbox 1802 3240 1963 3325; x_wconf 88' lang='lat' dir='ltr'>Opiz</span> <span class='ocrx_word' id='word_1_152' title='bbox 2027 3241 2318 3326; x_wconf 86' lang='lat' dir='ltr'>proxima</span> <span class='ocrx_word' id='word_1_153' title='bbox 2379 3246 2514 3323; x_wconf 85' lang='lat' dir='ltr'>est,</span> <span class='ocrx_word' id='word_1_154' title='bbox 2574 3261 2763 3324; x_wconf 90' lang='lat' dir='ltr'>quam</span> <span class='ocrx_word' id='word_1_155' title='bbox 2816 3239 2900 3305; x_wconf 89' lang='lat' dir='ltr'>ab</span> 
     </span>
     <span class='ocr_line' id='line_1_26' title="bbox 1031 3353 2897 3420; baseline -0.001 0"><span class='ocrx_word' id='word_1_156' title='bbox 1031 3374 1290 3420; x_wconf 90' lang='lat' dir='ltr'>causam</span> <span class='ocrx_word' id='word_1_157' title='bbox 1368 3353 1478 3417; x_wconf 86' lang='lat' dir='ltr'>illa</span> <span class='ocrx_word' id='word_1_158' title='bbox 1555 3360 1623 3418; x_wconf 89' lang='lat' dir='ltr'>ut</span> <span class='ocrx_word' id='word_1_159' title='bbox 1691 3374 1807 3419; x_wconf 90' lang='lat' dir='ltr'>sua</span> <span class='ocrx_word' id='word_1_160' title='bbox 1873 3354 2152 3420; x_wconf 84' lang='lat' dir='ltr'>varietas</span> <span class='ocrx_word' id='word_1_161' title='bbox 2235 3354 2701 3420; x_wconf 89' lang='lat' dir='ltr'>consideranda</span> <span class='ocrx_word' id='word_1_162' title='bbox 2783 3361 2897 3420; x_wconf 82' lang='lat' dir='ltr'>est.</span> 
     </span>
     <span class='ocr_line' id='line_1_27' title="bbox 1031 3467 2898 3550; baseline 0.001 -18"><span class='ocrx_word' id='word_1_163' title='bbox 1031 3468 1228 3532; x_wconf 89' lang='lat' dir='ltr'>Multo</span> <span class='ocrx_word' id='word_1_164' title='bbox 1276 3467 1590 3550; x_wconf 83' lang='lat' dir='ltr'>gravioris</span> <span class='ocrx_word' id='word_1_165' title='bbox 1651 3468 1953 3532; x_wconf 89' lang='lat' dir='ltr'>momenti</span> <span class='ocrx_word' id='word_1_166' title='bbox 2017 3474 2227 3533; x_wconf 91' lang='lat' dir='ltr'>autem</span> <span class='ocrx_word' id='word_1_167' title='bbox 2289 3474 2436 3532; x_wconf 89' lang='lat' dir='ltr'>sunt</span> <span class='ocrx_word' id='word_1_168' title='bbox 2481 3468 2898 3550; x_wconf 88' lang='lat' dir='ltr'>differentiae,</span> 
     </span>
     <span class='ocr_line' id='line_1_28' title="bbox 1032 3580 2900 3666; baseline -0.001 -19"><span class='ocrx_word' id='word_1_169' title='bbox 1032 3601 1195 3665; x_wconf 89' lang='lat' dir='ltr'>quae</span> <span class='ocrx_word' id='word_1_170' title='bbox 1243 3580 1406 3646; x_wconf 91' lang='lat' dir='ltr'>hanc</span> <span class='ocrx_word' id='word_1_171' title='bbox 1452 3580 1721 3647; x_wconf 86' lang='lat' dir='ltr'>formam</span> <span class='ocrx_word' id='word_1_172' title='bbox 1771 3602 1812 3646; x_wconf 90' lang='lat' dir='ltr'>a</span> <span class='ocrx_word' id='word_1_173' title='bbox 1853 3582 2123 3648; x_wconf 89' lang='lat' dir='ltr'>caeteris</span> <span class='ocrx_word' id='word_1_174' title='bbox 2171 3587 2491 3666; x_wconf 86' lang='lat' dir='ltr'>separant.</span> <span class='ocrx_word' id='word_1_175' title='bbox 2567 3588 2743 3648; x_wconf 76' lang='lat' dir='ltr'>Rosa</span> <span class='ocrx_word' id='word_1_176' title='bbox 2788 3583 2900 3647; x_wconf 79' lang='lat' dir='ltr'>du·</span> 
     </span>
     <span class='ocr_line' id='line_1_29' title="bbox 1028 3694 2899 3780; baseline 0.001 -20"><span class='ocrx_word' id='word_1_177' title='bbox 1028 3702 1334 3760; x_wconf 66' lang='lat' dir='ltr'>melorum</span> <span class='ocrx_word' id='word_1_178' title='bbox 1386 3696 1435 3775; x_wconf 84' lang='lat' dir='ltr'>f.</span> <span class='ocrx_word' id='word_1_179' title='bbox 1483 3695 1900 3760; x_wconf 71' lang='lat' dir='ltr'>keterotricha</span> <span class='ocrx_word' id='word_1_180' title='bbox 1961 3695 2209 3761; x_wconf 80' lang='lat' dir='ltr'>Borbas</span> <span class='ocrx_word' id='word_1_181' title='bbox 2273 3694 2479 3761; x_wconf 85' lang='lat' dir='ltr'>differt</span> <span class='ocrx_word' id='word_1_182' title='bbox 2522 3694 2899 3780; x_wconf 88' lang='lat' dir='ltr'>pedunculis</span> 
     </span>
     <span class='ocr_line' id='line_1_30' title="bbox 1029 3807 2898 3891; baseline -0.001 -18"><span class='ocrx_word' id='word_1_183' title='bbox 1029 3807 1385 3891; x_wconf 85' lang='lat' dir='ltr'>elongatis,</span> <span class='ocrx_word' id='word_1_184' title='bbox 1448 3807 1672 3873; x_wconf 87' lang='lat' dir='ltr'>florum</span> <span class='ocrx_word' id='word_1_185' title='bbox 1736 3807 1929 3873; x_wconf 90' lang='lat' dir='ltr'>ramis</span> <span class='ocrx_word' id='word_1_186' title='bbox 1992 3809 2463 3875; x_wconf 89' lang='lat' dir='ltr'>subinermibus</span> <span class='ocrx_word' id='word_1_187' title='bbox 2522 3808 2626 3875; x_wconf 89' lang='lat' dir='ltr'>vel</span> <span class='ocrx_word' id='word_1_188' title='bbox 2673 3808 2898 3874; x_wconf 90' lang='lat' dir='ltr'>saltem</span> 
     </span>
     <span class='ocr_line' id='line_1_31' title="bbox 1032 3920 2900 4007; baseline 0.001 -22"><span class='ocrx_word' id='word_1_189' title='bbox 1032 3940 1255 4005; x_wconf 89' lang='lat' dir='ltr'>parum</span> <span class='ocrx_word' id='word_1_190' title='bbox 1303 3920 1640 4004; x_wconf 88' lang='lat' dir='ltr'>aculeatis,</span> <span class='ocrx_word' id='word_1_191' title='bbox 1691 3921 1926 3988; x_wconf 86' lang='lat' dir='ltr'>foliolis</span> <span class='ocrx_word' id='word_1_192' title='bbox 1972 3922 2599 4001; x_wconf 60' lang='lat' dir='ltr'>ovato-lanceolam,</span> <span class='ocrx_word' id='word_1_193' title='bbox 2647 3920 2900 4007; x_wconf 88' lang='lat' dir='ltr'>petiolis</span> 
     </span>
     <span class='ocr_line' id='line_1_32' title="bbox 1029 4033 2899 4119; baseline 0 -20"><span class='ocrx_word' id='word_1_194' title='bbox 1029 4033 1488 4118; x_wconf 86' lang='lat' dir='ltr'>eglandulosis.</span> <span class='ocrx_word' id='word_1_195' title='bbox 1576 4036 1755 4101; x_wconf 81' lang='lat' dir='ltr'>Rosa</span> <span class='ocrx_word' id='word_1_196' title='bbox 1817 4036 2169 4105; x_wconf 64' lang='lat' dir='ltr'>violas-cens</span> <span class='ocrx_word' id='word_1_197' title='bbox 2231 4037 2437 4119; x_wconf 86' lang='lat' dir='ltr'>Puget</span> <span class='ocrx_word' id='word_1_198' title='bbox 2496 4055 2681 4102; x_wconf 91' lang='lat' dir='ltr'>mscr.</span> <span class='ocrx_word' id='word_1_199' title='bbox 2728 4040 2791 4100; x_wconf 92' lang='lat' dir='ltr'>et</span> <span class='ocrx_word' id='word_1_200' title='bbox 2835 4035 2899 4099; x_wconf 92' lang='lat' dir='ltr'>in</span> 
     </span>
     <span class='ocr_line' id='line_1_33' title="bbox 1032 4147 2898 4236; baseline -0.001 -22"><span class='ocrx_word' id='word_1_201' title='bbox 1032 4147 1249 4214; x_wconf 89' lang='lat' dir='ltr'>sched.</span> <span class='ocrx_word' id='word_1_202' title='bbox 1301 4148 1578 4236; x_wconf 87' lang='lat' dir='ltr'>(Foliola</span> <span class='ocrx_word' id='word_1_203' title='bbox 1609 4149 1962 4216; x_wconf 89' lang='lat' dir='ltr'>mediocria</span> <span class='ocrx_word' id='word_1_204' title='bbox 1994 4150 2096 4215; x_wconf 91' lang='lat' dir='ltr'>vel</span> <span class='ocrx_word' id='word_1_205' title='bbox 2127 4169 2381 4232; x_wconf 84' lang='lat' dir='ltr'>magna,</span> <span class='ocrx_word' id='word_1_206' title='bbox 2430 4169 2624 4234; x_wconf 89' lang='lat' dir='ltr'>supra</span> <span class='ocrx_word' id='word_1_207' title='bbox 2655 4149 2898 4232; x_wconf 84' lang='lat' dir='ltr'>glabra,</span> 
     </span>
     <span class='ocr_line' id='line_1_34' title="bbox 1027 4262 2898 4347; baseline 0.001 -20"><span class='ocrx_word' id='word_1_208' title='bbox 1027 4262 1250 4327; x_wconf 86' lang='lat' dir='ltr'>subtus</span> <span class='ocrx_word' id='word_1_209' title='bbox 1314 4263 1378 4325; x_wconf 92' lang='lat' dir='ltr'>in</span> <span class='ocrx_word' id='word_1_210' title='bbox 1426 4281 1620 4328; x_wconf 88' lang='lat' dir='ltr'>nervo</span> <span class='ocrx_word' id='word_1_211' title='bbox 1665 4263 1966 4347; x_wconf 88' lang='lat' dir='ltr'>primario</span> <span class='ocrx_word' id='word_1_212' title='bbox 2017 4269 2080 4328; x_wconf 94' lang='lat' dir='ltr'>et</span> <span class='ocrx_word' id='word_1_213' title='bbox 2124 4264 2189 4327; x_wconf 91' lang='lat' dir='ltr'>in</span> <span class='ocrx_word' id='word_1_214' title='bbox 2239 4263 2451 4328; x_wconf 88' lang='lat' dir='ltr'>nervis</span> <span class='ocrx_word' id='word_1_215' title='bbox 2499 4262 2898 4329; x_wconf 85' lang='lat' dir='ltr'>secundariis</span> 
     </span>
     <span class='ocr_line' id='line_1_35' title="bbox 1025 4373 2899 4459; baseline 0.002 -21"><span class='ocrx_word' id='word_1_216' title='bbox 1025 4374 1263 4459; x_wconf 88' lang='lat' dir='ltr'>pilosa,</span> <span class='ocrx_word' id='word_1_217' title='bbox 1328 4373 1475 4439; x_wconf 91' lang='lat' dir='ltr'>hinc</span> <span class='ocrx_word' id='word_1_218' title='bbox 1521 4374 1673 4440; x_wconf 90' lang='lat' dir='ltr'>inde</span> <span class='ocrx_word' id='word_1_219' title='bbox 1725 4375 1792 4439; x_wconf 92' lang='lat' dir='ltr'>in</span> <span class='ocrx_word' id='word_1_220' title='bbox 1840 4378 2021 4441; x_wconf 91' lang='lat' dir='ltr'>venis</span> <span class='ocrx_word' id='word_1_221' title='bbox 2067 4377 2369 4459; x_wconf 87' lang='lat' dir='ltr'>vinacea,</span> <span class='ocrx_word' id='word_1_222' title='bbox 2429 4375 2613 4441; x_wconf 87' lang='lat' dir='ltr'>basin</span> <span class='ocrx_word' id='word_1_223' title='bbox 2676 4394 2899 4443; x_wconf 90' lang='lat' dir='ltr'>versus</span> 
     </span>
     <span class='ocr_line' id='line_1_36' title="bbox 1023 4487 2899 4555; baseline 0.001 -2"><span class='ocrx_word' id='word_1_224' title='bbox 1023 4489 1153 4553; x_wconf 86' lang='lat' dir='ltr'>late</span> <span class='ocrx_word' id='word_1_225' title='bbox 1222 4487 1581 4553; x_wconf 85' lang='lat' dir='ltr'>rotundata.</span> <span class='ocrx_word' id='word_1_226' title='bbox 1666 4487 1852 4554; x_wconf 89' lang='lat' dir='ltr'>Rami</span> <span class='ocrx_word' id='word_1_227' title='bbox 1929 4488 2516 4555; x_wconf 86' lang='lat' dir='ltr'>violaceo-vinacei</span> <span class='ocrx_word' id='word_1_228' title='bbox 2586 4487 2688 4554; x_wconf 87' lang='lat' dir='ltr'>vel</span> <span class='ocrx_word' id='word_1_229' title='bbox 2756 4508 2899 4555; x_wconf 88' lang='lat' dir='ltr'>rore</span> 
     </span>
    </p>
   </div>
  </div>
 </body>
</html>
