3332 5241
666 522 789 587 104

1326 539 1504 585 BECK
1550 537 1633 584 ΕΤ
1682 537 1872 584 SZYSZ
1884 538 2207 584 YLOWICZ.

1073 736 1608 813 purpurascentes
1655 729 2033 812 aculeolati,
2096 729 2337 810 glabri,
2396 728 2720 812 glandulis
2768 729 2942 813 stipi-

1072 844 1220 907 tatis
1268 843 1875 927 purpurascentibus
1924 841 2070 905 hinc
2116 841 2289 924 inde,
2338 844 2454 907 sed
2503 862 2729 926 sparse
2758 863 2936 926 prae-

1068 956 1201 1021 diti.
1249 956 1499 1022 Foliola
1545 977 1770 1040 parva,
1837 956 2143 1020 8·—13¹¹²¹¹¹·
2208 957 2426 1038 longa,
2476 956 2744 1021 6——8mm-
2790 956 2937 1037 lata,

1069 1072 1352 1154 elliptica
1412 1071 1517 1135 vel
1581 1070 2202 1155 elliptieo-obovata,
2268 1071 2450 1134 basin
2509 1089 2732 1134 versus
2795 1069 2937 1133 sub-

1067 1192 1396 1251 attenuata
1465 1184 1567 1249 vel
1628 1185 1774 1248 hinc
1846 1185 1994 1248 inde
2067 1190 2336 1266 anguste
2406 1182 2779 1266 rotundam,
2852 1183 2936 1247 ad

1067 1301 1313 1383 apicem
1362 1306 1582 1380 acuta,
1646 1297 1939 1379 utrinque
1997 1298 2257 1379 glabra,
2322 1297 2616 1362 lateralia
2663 1296 2937 1362 breviter

1000 1462 1006 1466 ·
1066 1413 1439 1498 petiolulata
1485 1413 1586 1477 vel
1630 1411 2035 1494 subsessilia,
2102 1431 2298 1495 supra
2356 1417 2636 1475 saturate
2684 1409 2934 1492 viridia,

1063 1527 1283 1591 subtus
1328 1526 1665 1609 pallidiora
1716 1533 1779 1590 et
1809 1527 1875 1588 in
1921 1546 2117 1590 nervo
2165 1525 2465 1608 primario
2514 1523 2936 1606 eglandulosa

1061 1640 1197 1720 vel,
1260 1641 1605 1723 praecipue
1652 1640 1718 1702 in
1766 1638 1999 1704 foliolis
2049 1638 2526 1720 terminalibus,
2590 1637 2736 1702 hinc
2781 1636 2932 1701 inde

1061 1753 1384 1836 glandulis
1431 1753 1915 1818 rubescentibus
1972 1759 2034 1818 et
2079 1753 2385 1818 aculeolis
2438 1751 2931 1816 flavescentibus

1060 1887 1284 1951 sparse
1331 1867 1573 1948 obsita,
1637 1867 1703 1929 in
1749 1866 2147 1948 marginibus
2210 1865 2585 1949 simpliciter
2630 1865 2733 1930 vel
2778 1865 2925 1930 sub-

1059 1980 1493 2062 irregulariter
1541 1986 1807 2061 serrata,
1851 1984 2171 2044 serratura
2218 1978 2662 2062 eglandulosa.
2712 1979 2931 2043 Serra-

1059 2101 1249 2158 turae·
1283 2093 1508 2158 dentes
1556 2099 2052 2175 convergenteS,
2121 2112 2317 2176 saepe
2366 2090 2924 2158 submucronulati.

1060 2208 1367 2271 Bracteae
1415 2206 1723 2272 dilatatae
1772 2226 1970 2291 saepe
2005 2206 2334 2289 foliaceae,
2385 2205 2759 2291 pedunculis
2793 2205 2924 2269 lon-

1056 2323 1287 2403 giores.
1336 2320 1687 2386 Pedunculi
1735 2320 1990 2398 breves,
2040 2319 2196 2385 setis
2243 2318 2643 2403 glandulosis
2690 2318 2923 2384 obtecti

1051 2435 1155 2500 vel
1187 2435 1546 2500 sublaeves.
1594 2435 2027 2518 Receptacula
2060 2433 2649 2516 ovoideo-globosa,
2698 2451 2922 2516 sparse

1053 2548 1209 2614 setis
1278 2547 1723 2631 glanduliferis
1786 2551 2055 2613 obtecta.
2150 2547 2386 2632 Sepala
2457 2546 2580 2611 duo
2648 2545 2919 2628 integra,

1051 2664 1173 2727 tria
1205 2662 1598 2746 pinnatifida,
1632 2664 1697 2727 in
1731 2662 1921 2726 dorso
1954 2662 2183 2743 glabra
2213 2661 2318 2727 vel
2348 2660 2495 2726 hinc
2538 2659 2686 2725 inde
2718 2656 2910 2724 unum

1051 2776 1400 2841 alterumve
1447 2786 1587 2841 seta
1632 2775 2059 2859 glandulifera
2103 2765 2455 2857 obtectum,
2503 2780 2648 2859 post
2692 2773 2914 2838 antbe-

1052 2890 1150 2955 sin
1198 2890 1455 2972 reflexa,
1501 2891 1624 2954 cito
1674 2889 1963 2955 decidua.
2024 2889 2186 2973 styli
2237 2877 2484 2971 hirsuti,
2533 2888 2749 2953 discus
2782 2887 2889 2972 pla

1048 3024 1185 3069 nus.
1235 3005 1664 3088 Receptacula
1695 3003 2020 3068 fructifera
2051 3023 2268 3088 parva,
2320 3003 2441 3085 pisi
2473 3000 2913 3084 magnitudine

1050 3119 1385 3199 (8—10mm·
1420 3117 1630 3199 longa,
1685 3118 1946 3182 7-—9¹¹”¹¹·
1980 3119 2158 3201 lata),
2207 3118 2478 3201 globosa
2523 3117 2626 3182 vel
2658 3116 2913 3197 subglo·

1047 3232 1221 3315 bosa,
1264 3232 1419 3297 setis
1449 3231 1893 3314 glanduliteris
1927 3252 2053 3296 una
2083 3232 2365 3297 alterave
2413 3232 2683 3297 obtecta.
2733 3230 2911 3293 Haec

1041 3345 1215 3410 Rosa
1259 3344 1480 3410 habitu
1533 3345 1752 3424 gracili
1810 3352 1873 3409 et
1919 3345 2375 3411 ramificatione
2420 3343 2609 3409 valde
2657 3343 2907 3421 diffusa,

1043 3465 1560 3543 purpurascente,
1609 3458 1844 3524 foliolis
1892 3460 2142 3542 parviS‚
2191 3461 2432 3525 aculeis
2480 3458 2752 3541 crebris,
2800 3477 2906 3541 pe-

1042 3558 1331 3637 dunculis
1411 3574 1957 3656 receptaculisque
2036 3573 2334 3639 brevibus
2412 3573 2905 3638 sublaevibusve

1044 3686 1298 3768 gaudet.
1363 3686 1591 3750 Differt
1641 3706 1681 3749 a
1726 3687 1797 3748 R.
1848 3687 2178 3751 surculosa
2224 3687 2463 3752 Woods
2504 3707 2639 3750 var.
2687 3684 2905 3769 typica

1040 3799 1281 3865 aculeis
1314 3799 1776 3882 gracilioribus,
1826 3799 2059 3865 foliolis
2106 3802 2343 3885 parviS,
2392 3800 2654 3883 glabris,
2704 3799 2900 3882 petio·

1037 3913 1115 3977 lis
1147 3912 1529 3996 subglabris,
1577 3914 1762 3997 stylis
1801 3914 2046 3997 pilosiS,
2095 3914 2514 3997 receptaculis
2562 3911 2902 3978 fructiferis

1036 4026 1268 4110 parvis,
1303 4026 1680 4109 pedunculis
1714 4028 2031 4110 brevibus.
2085 4026 2329 4092 Ceteris
2362 4028 2551 4093 Rosis
2598 4025 2901 4093 sectionis

1031 4138 1442 4223 Hispidarum
1507 4160 1647 4204 eam
1704 4161 1910 4222 neque
1972 4142 2391 4207 adnumerare
2457 4162 2574 4207 nec
2622 4160 2755 4208 cum
2800 4138 2899 4203 his

1034 4272 1405 4337 comparare
1453 4274 1811 4338 possumus.

821 4418 897 4481 In
943 4421 1192 4485 saxosis
1243 4422 1433 4486 castri
1481 4421 1732 4486 MEDUN
1781 4423 1971 4502 (VII).
