3332 5241
921 533 1233 585 PLANTAE
1279 531 1880 585 mom-Eunomus.
2459 513 2581 582 113

713 748 836 811 quo
882 727 966 793 ad
1012 728 1385 795 relationem
1448 727 1737 811 parciore
1793 726 2066 792 excellit.
2159 725 2290 792 Sub
2338 726 2583 792 cultura

710 842 925 908 Rosae
956 840 1362 908 Dalmaticae
1410 842 1483 905 A.
1519 840 1770 906 Kerner
1800 839 2021 906 foliola
2065 848 2130 906 et
2175 840 2395 925 petioli
2441 860 2582 907 sae-

713 954 857 1039 pius
898 955 1153 1022 omnino
1202 954 1376 1020 nuda
1422 953 1721 1020 evadunt.
1813 954 1948 1020 Nec
2009 953 2075 1018 in
2123 952 2580 1038 speciminibus

712 1068 1077 1152 originariis
1126 1074 1332 1134 Rosae
1377 1067 1787 1134 Dalmaticae
1848 1068 1930 1132 ab
1991 1066 2327 1133 hortulano
2374 1067 2582 1133 ocula-

710 1182 956 1248 tissimo
1025 1181 1225 1246 MALY
1294 1183 1358 1246 in
1423 1181 1664 1247 ditione
1726 1180 2057 1248 Krivoscie
2120 1185 2333 1246 monte
2402 1180 2587 1247 Biela

710 1315 868 1378 gora
912 1315 1082 1362 anno
1133 1296 1299 1362 1869
1331 1294 1514 1360 lectis
1547 1313 1666 1360 nec
1711 1295 1777 1359 in
1809 1293 1936 1360 illis
1973 1293 2330 1362 numerosis
2363 1314 2400 1360 e
2430 1294 2582 1359 Dal-

709 1409 906 1474 matia
946 1415 1012 1474 et
1059 1407 1432 1491 Cernagora
1455 1427 1669 1473 coram
1695 1428 1796 1473 me
1838 1407 2200 1490 jacentibus
2245 1406 2469 1474 foliola
2514 1414 2580 1474 et

710 1522 982 1605 petiolos
1039 1522 1213 1587 nuda
1274 1522 1618 1588 observare
1685 1520 1839 1586 mihi
1901 1521 2198 1605 contigit,
2261 1541 2452 1604 quam
2498 1521 2581 1587 ab

709 1654 968 1702 causam
1016 1636 1381 1702 observatio
1430 1635 1581 1701 clar.
1629 1634 1877 1702 Borbas
1923 1635 2023 1700 in:
2069 1635 2127 1700 A
2174 1655 2445 1721 magyar
2489 1635 2582 1700 bi·

708 1749 991 1815 rodalom
1038 1749 1250 1814 vadon
1297 1755 1497 1815 term&
1531 1748 1739 1814 rozsai
1774 1768 1920 1834 pag.
1970 1749 2102 1815 500
2147 1756 2211 1815 et
2256 1750 2381 1815 501
2435 1767 2580 1834 sup-

708 1863 1191 1947 plementariam
1217 1863 1421 1946 exigit
1450 1869 1896 1928 correcturam.
1924 1869 2159 1929 Rosam
2187 1861 2577 1946 plutinosam

708 1998 843 2042 var.
894 1977 1330 2043 Dalmaticam
1378 1976 1479 2059 (A.
1513 1976 1790 2063 Kerner)
1838 1975 2002 2042 Ebel
2026 1977 2163 2059 jam
2209 1996 2378 2042 anno
2415 1976 2577 2042 1841

710 2090 776 2154 in
805 2089 1213 2174 Cernagorae
1240 2090 1546 2156 montium
1580 2096 1810 2156 catena
1839 2090 2293 2162 Raetovaddaz
2338 2095 2403 2158 et
2447 2091 2580 2175 qui-

711 2203 854 2269 dem
903 2204 969 2267 in
1016 2204 1281 2288 regione
1319 2204 1648 2288 superiore
1680 2203 1926 2270 invenit
1956 2210 2020 2269 et
2065 2204 2322 2271 nomine
2368 2204 2581 2271 Rosae

708 2317 1122 2401 rubiginosae
1188 2337 1322 2383 var.
1397 2318 1875 2384 aculeatissima
1936 2320 2200 2404 Dupont
2259 2317 2579 2384 salutavit.

263 2544 447 2618 Rosa
498 2541 906 2615 Beckeliana
954 2541 1183 2627 matt„
1231 2544 1377 2609 Ros.
1427 2562 1737 2628 monogr„
1788 2544 1868 2627 II,
1919 2564 2065 2630 pag.
2115 2545 2198 2611 85
2246 2546 2490 2632 (1823).

356 2774 540 2854 νειμ
566 2753 733 2828 Rosa
779 2752 1317 2853 Szyszylowiczii
1362 2752 1436 2823 Η.
1485 2752 1704 2826 Braun
1750 2775 1890 2821 nov.
1941 2775 2072 2821 var.

418 2874 949 2997 Wfig.
996 2913 1169 2997 l—p.

708 3122 949 3189 Frutex
1007 3121 1265 3187 humilis
1329 3121 1519 3189 valde
1583 3141 1895 3189 ramosus.
1984 3123 2169 3189 Rami
2198 3119 2203 3125 ’
2230 3122 2378 3188 hinc
2425 3122 2576 3190 inde

708 3255 848 3301 rore
895 3236 1191 3302 coeruleo
1239 3235 1408 3315 tecti,
1458 3235 1658 3302 dense
1706 3236 1999 3303 aculeati.
2059 3236 2281 3302 Aculei
2328 3235 2574 3319 breves,

709 3348 986 3414 subrecti
1033 3348 1137 3414 vel
1185 3369 1409 3435 parum
1456 3349 1778 3429 inclinati,
1828 3370 2027 3434 saepe
2073 3348 2576 3415 subverticillati.

708 3461 997 3546 Stipulae
1060 3463 1290 3528 breves
1306 3512 1323 3545 ‚
1383 3462 1583 3527 dense
1644 3461 1921 3547 pilosae,
1987 3463 2208 3529 subtus
2255 3461 2578 3546 glandulis
2665 3505 2668 3507 Δ

707 3573 1034 3658 obtectae,
1084 3575 1386 3641 auriculis
1434 3575 1766 3656 brevibus,
1818 3574 2305 3654 obtusiusculis,
2353 3595 2577 3661 parum

705 3687 1207 3771 divergentibus.
1299 3688 1527 3755 Petioli
1589 3689 1790 3754 dense
1853 3687 2039 3772 pilosi
2107 3694 2171 3752 et
2213 3687 2576 3772 glandulosi

708 3800 1015 3869 aculeolis
1059 3801 1556 3868 flavescentibus
1602 3802 1850 3866 armati.
1941 3800 2191 3867 Foliola
2237 3801 2431 3884 quina
2473 3802 2578 3868 vel

712 3922 1012 3998 septena,
1077 3913 1734 3999 rotundato—elliptica
1796 3916 1900 3979 vel
1946 3914 2165 3979 infima
2210 3914 2573 3981 suborbicu·

708 4027 902 4110 laria,
962 4028 1257 4096 lateralia
1318 4028 1731 4110 subsessilia,
1794 4028 2086 4111 utrinque
2134 4027 2575 4113 eglandulosa,

710 4141 933 4207 subtus
978 4141 1180 4216 dense
1228 4142 1469 4227 pilosa,
1517 4141 2028 4224 glaucescentia,
2077 4141 2462 4236 subvillosa‚
2511 4143 2577 4207 in

710 4255 999 4338 margine
1061 4257 1334 4322 tenuiter
1390 4254 2156 4339 glanduloso·composite
2217 4260 2462 4321 serrata
2511 4261 2579 4321 ut

708 4368 776 4432 in
850 4369 1028 4436 Rosa
1097 4370 1486 4437 Heckeliana
1556 4370 1756 4434 Tratt.
1825 4368 1867 4432 f.
1939 4369 2174 4454 typica.
2265 4369 2577 4435 Bracteae

713 4479 912 4546 dense
961 4481 1238 4565 pilosae,
1301 4503 1522 4567 parum
1586 4482 2011 4565 glandulosae
2056 4481 2159 4548 vel
2206 4479 2576 4566 eglandulo-

2165 4587 2231 4641 15
