3332 5241
640 495 722 560 96
1301 512 1480 560 BECK
1518 512 1604 561 ΕΤ
1645 512 2152 561 SZYSZYLOWlCZ

1053 703 1390 769 formarum
1456 704 1695 789 pariter
1741 705 1931 787 longe
1994 705 2396 770 distributam
2460 726 2537 770 ac
2598 704 2923 789 hucusque
3316 713 3332 786 ff

1055 816 1263 883 adhuc
1310 838 1533 902 parum
1581 819 1978 902 exploratam
2026 819 2275 884 seriem.
3312 793 3332 1140 ¹

3310 1147 3332 1534 l

1054 1014 1144 1073 De
1213 1012 1376 1074 hisce
1442 1011 1645 1074 formis
1716 1032 1917 1074 earum
1975 1014 2392 1076 distributione
2461 1021 2522 1076 et
2590 1015 2924 1075 variatione

1055 1118 1244 1179 fusius
1295 1118 1586 1194 agendum
1634 1119 1729 1178 sit.
2117 1122 2123 1127 '

1141 1223 1389 1300 Singula
1451 1223 1712 1283 membra
1772 1223 1946 1284 huius
2007 1224 2181 1284 seriei
2246 1225 2629 1285 innotuerunt
2688 1225 2924 1301 species

1051 1334 1399 1404 sequentes:
1469 1329 1629 1388 Rosa
1696 1330 1899 1405 spuria
1976 1330 2165 1404 Puget
2240 1334 2364 1407 typ.
2386 1373 2403 1406 ,
2483 1330 2643 1389 Rosa
2716 1329 2923 1407 spuria

1052 1451 1174 1492 var.
1239 1434 1443 1510 aprica
1507 1432 1578 1491 H.
1626 1433 1858 1510 Braun‚
1922 1433 2081 1493 Rosa
2141 1434 2345 1512 spuria
2406 1453 2531 1493 var.
2579 1434 2925 1510 oenophora
3310 1461 3319 1470 ·

1052 1538 1103 1596 J.
1153 1538 1219 1596 Β.
1269 1538 1503 1615 Keller,
1550 1538 1711 1598 Rosa
1759 1537 2111 1598 Maricensis
2159 1539 2342 1599 Simk.
2390 1545 2449 1599 et
2494 1539 2712 1616 Braun,
2759 1540 2924 1599 Rosa

1052 1643 1255 1718 spuria
1316 1660 1439 1700 var.
1506 1642 1779 1702 Peisonis
1825 1642 1898 1700 H.
1948 1642 2144 1703 Braun
2207 1649 2266 1704 et
2320 1645 2481 1704 Rosa
2527 1642 2923 1705 orthacantha

1051 1746 1121 1805 A.
1170 1746 1419 1807 Kerner.

3316 2624 3332 3567 ¹

3318 3656 3332 3715 l

3320 3738 3332 3773 l

1234 1990 1281 2061 ..⁴
1329 1932 2317 2067 cAM'PYLAeANTHAE.

765 2145 984 2230 Aculei
1018 2142 1371 2223 plerumque
1415 2150 1481 2209 in
1525 2150 1747 2210 ramis·
1775 2148 2110 2210 hornotinis
2153 2151 2402 2228 falcati,
2448 2150 2786 2226 subfalcati,

763 2253 1008 2330 robusti,
1043 2253 1213 2314 basin
1242 2270 1447 2313 versus
1478 2253 1742 2329 dilatati,
1764 2248 1992 2326 foliolis
2015 2255 2410 2317 mediocribus
2440 2255 2529 2316 vel
2554 2256 2780 2330 parvis.

631 2437 799 2510 Rosa
840 2438 1064 2526 spuria
1108 2438 1318 2529 Puget
1350 2445 1389 2502 l.
1438 2462 1487 2503 c.
1538 2462 1643 2521 pro
1693 2446 1909 2522 specie.
2005 2447 2173 2506 Rami
2222 2447 2445 2507 aculeis
2492 2446 2748 2525 sparsis,
2796 2445 2907 2507 fal·

1049 2549 1217 2629 catis,
1265 2550 1712 2609 rubescentibus
1752 2552 1847 2610 vel
1881 2550 2066 2610 dilute
2098 2552 2378 2612 brunnci‘s
2425 2551 2657 2611 armati.
2700 2552 2915 2612 Aculei

1049 2655 1293 2715 robusti.
1387 2656 1553 2716 Rami
1601 2655 1829 2716 fertiles
1876 2657 2157 2734 elongati,
2206 2674 2415 2734 sparse
2461 2659 2732 2718 aculeati.
2798 2655 2916 2717 Sti-

1048 2760 1223 2837 pulae
1269 2759 1586 2837 dilatatae,
1640 2763 1988 2820 10-—12mm'
2035 2763 2202 2822 latae.
2243 2763 2522 2822 auriculis
2570 2762 2778 2839 acutis,
2826 2761 2914 2820 di-

1045 2865 1444 2940 vergentibus.
1522 2865 1738 2925 Petioli
1800 2866 1860 2925 in
1917 2866 2116 2926 infima
2177 2871 2348 2944 parte
2393 2867 2605 2927 leviter
2650 2866 2914 2944 pilosuli,

1045 2969 1343 3045 glandulis
1404 2974 1497 3029 sat
1551 2971 1780 3046 sparsis
1840 2971 1976 3030 hinc
2041 2971 2178 3031 inde
2234 2971 2454 3031 obtecti
2523 2972 2617 3031 vel
2684 2972 2909 3052 laeves,

1044 3079 1560 3152 purpurascentes.
1609 3075 1843 3135 Foliola
1892 3078 2080 3154 5-7‚
2128 3077 2473 3153 plerumque
2509 3081 2565 3151 7,
2615 3078 2734 3136 late
2779 3078 2909 3136 elli-

815 3226 820 3233 ,
941 3177 946 3180 ’
1041 3180 1593 3258 ptico-rotundata,
1661 3181 1827 3240 basin
1873 3199 2079 3241 versus
2140 3183 2259 3241 late
2314 3182 2634 3241 rotundata
2678 3182 2800 3260 (vel
2846 3182 2910 3242 in

1042 3285 1255 3344 infimis
1302 3281 1748 3364 subattenuata)
1785 3286 1843 3344 in
1878 3286 2145 3361 margine
2180 3287 2584 3362 irregulariter
2629 3290 2906 3362 anguste-

1015 3394 1274 3455 ¹serrata
1305 3408 1435 3449 cum
1471 3389 1747 3450 dentibus
1787 3385 2122 3461 serraturae
2155 3409 2359 3471 parum
2391 3392 2907 3468 convergentibus,

1043 3494 1271 3571 apicem
1320 3513 1526 3555 versus
1573 3502 1748 3555 acuta
1796 3497 1890 3556 vel
1925 3497 2279 3574 acuminata,
2328 3499 2680 3558 30—35mm·
2704 3497 2906 3571 longa,

1048 3584 1386 3660 15-18¹³¹¹¹²
1446 3600 1585 3658 lata.
1663 3600 1950 3659 Bracteae
1993 3599 2309 3677 dilatatae,
2358 3605 2585 3661 acutae.
2678 3600 2905 3661 Pedun-

1041 3705 1154 3764 culi
1209 3707 1558 3763 14—-25mm‘
1591 3704 1772 3780 longi.
1821 3705 2219 3781 Receptacula
2253 3705 2908 3783 ovoideoffellipsoidea,

1041 3813 1134 3868 sat
1174 3827 1407 3884 magna.
1499 3808 1653 3885 Styli
1703 3809 1886 3868 dense
1932 3809 2144 3888 pilosi,
2207 3810 2599 3870 subvillosuli.
2694 3810 2909 3869 Discus

1039 3914 1444 3989 planiusculus
1506 3916 1601 3974 vel
1652 3933 1855 3990 parum
1904 3914 2163 3974 conicus,
2259 3915 2479 3992 Sepala
2525 3919 2620 3975 sat
2665 3915 2909 3991 copiose

1036 4019 1422 4098 pinnatifida,
1485 4021 1747 4096 pinnulis
1809 4020 2237 4096 eglandulosis,
2284 4020 2626 4080 attenuatis.
2672 4019 2906 4096 Recep-

1035 4124 1231 4183 tacula
1277 4122 1585 4183 fructifera
1641 4124 2292 4200 ovoideo—ellipsoidea.
2362 4124 2669 4201 Bracteae,
2716 4123 2905 4200 stipu-

1038 4229 1151 4303 lae,
1199 4228 1609 4304 receptacula,
1658 4230 1884 4306 sepala,
1934 4229 2100 4288 nervi
2145 4229 2410 4304 primarii
2457 4233 2516 4288 et
2562 4228 2901 4289 secundarii

1039 4334 1256 4408 pagina
1317 4332 1617 4393 inferioris
1679 4333 2012 4394 foliolorum
2071 4333 2319 4394 vinacea
2381 4350 2569 4409 usque
2631 4338 2906 4411 atropur-

1036 4454 1238 4514 purea.
1303 4438 1508 4496 Petala
1556 4439 1738 4497 dilute
1789 4430 1975 4497 rosea.
2045 4438 2424 4515 Exemplaria
2474 4438 2799 4515 originaria
2844 4439 2909 4500 in
